@article{ref:TODO,
      author         = "Cukierman, Aviv",
      title          = "{A Placeholder for a Paper that I Still Need to Look Up}",
      journal        = "Imaginary Journal of Physics",
      volume         = "A",
      year           = "2020",
      pages          = "1-1",
      doi            = "10.0000/0000000000",
}

@article{PDG,
      title = {Review of Particle Physics},
      author = {Tanabashi, M. and others},
      collaboration = {Particle Data Group},
      journal = {Phys. Rev. D},
      volume = {98},
      issue = {3},
      pages = {030001},
      numpages = {1898},
      year = {2018},
      month = {Aug},
      publisher = {American Physical Society},
      doi = {10.1103/PhysRevD.98.030001},
      url = {https://link.aps.org/doi/10.1103/PhysRevD.98.030001}
}
@techreport{ATL-PHYS-PUB-2019-024,
      title         = "{Standard Model Summary Plots Summer 2019}",
      institution   = "CERN",
      collaboration = "ATLAS",
      address       = "Geneva",
      number        = "ATL-PHYS-PUB-2019-024",
      month         = "Jul",
      year          = "2019",
      reportNumber  = "ATL-PHYS-PUB-2019-024",
      url           = "http://cds.cern.ch/record/2682186",
}
@article{Yang:1954,
  title = {Conservation of Isotopic Spin and Isotopic Gauge Invariance},
  author = {Yang, C. N. and Mills, R. L.},
  journal = {Phys. Rev.},
  volume = {96},
  issue = {1},
  pages = {191--195},
  numpages = {0},
  year = {1954},
  month = {Oct},
  publisher = {American Physical Society},
  doi = {10.1103/PhysRev.96.191},
  url = {https://link.aps.org/doi/10.1103/PhysRev.96.191}
}
@misc{Nobel1957,
   author = "{Nobel Media AB 2020}",
   title = "The Nobel Prize in Physics 1957",
   year = "2020",
   howpublished="\url{https://www.nobelprize.org/prizes/physics/1957/summary/}",
}
@article{Glashow:1959wxa,
    author = "Glashow, Sheldon L.",
    doi = "10.1016/0029-5582(59)90196-8",
    journal = "Nucl. Phys.",
    pages = "107--117",
    title = "{The renormalizability of vector meson interactions}",
    volume = "10",
    year = "1959"
}
@article{Salam:1968rm,
    author = "Salam, Abdus",
    doi = "10.1142/9789812795915\_0034",
    journal = "Conf. Proc. C",
    pages = "367--377",
    title = "{Weak and Electromagnetic Interactions}",
    volume = "680519",
    year = "1968"
}
@article{Weinberg:1967tq,
    author = "Weinberg, Steven",
    doi = "10.1103/PhysRevLett.19.1264",
    journal = "Phys. Rev. Lett.",
    pages = "1264--1266",
    title = "{A Model of Leptons}",
    volume = "19",
    year = "1967"
}
@misc{Nobel1979,
   author = "{Nobel Media AB 2020}",
   title = "The Nobel Prize in Physics 1979",
   year = "2020",
   howpublished="\url{https://www.nobelprize.org/prizes/physics/1979/summary/}",
}


@article{Aaboud:2017fml,
    author = "Aaboud, Morad and others",
    archivePrefix = "arXiv",
    collaboration = "ATLAS",
    doi = "10.1140/epjc/s10052-017-5442-0",
    eprint = "1707.02562",
    journal = "Eur. Phys. J. C",
    number = "12",
    pages = "872",
    primaryClass = "hep-ex",
    reportNumber = "CERN-EP-2017-093",
    title = "{Determination of the strong coupling constant $\alpha _\mathrm {s}$ from transverse energy--energy correlations in multijet events at $\sqrt{s} = 8~\hbox {TeV}$ using the ATLAS detector}",
    volume = "77",
    year = "2017"
}
@article{Aaij:2016iza,
    author = "Aaij, Roel and others",
    archivePrefix = "arXiv",
    collaboration = "LHCb",
    doi = "10.1103/PhysRevLett.118.022003",
    eprint = "1606.07895",
    journal = "Phys. Rev. Lett.",
    number = "2",
    pages = "022003",
    primaryClass = "hep-ex",
    reportNumber = "LHCB-PAPER-2016-018, CERN-EP-2016-155",
    title = "{Observation of $J/\psi\phi$ structures consistent with exotic states from amplitude analysis of $B^+\to J/\psi \phi K^+$ decays}",
    volume = "118",
    year = "2017"
}
@article{Aaij:2016nsc,
    author = "Aaij, Roel and others",
    archivePrefix = "arXiv",
    collaboration = "LHCb",
    doi = "10.1103/PhysRevD.95.012002",
    eprint = "1606.07898",
    journal = "Phys. Rev. D",
    number = "1",
    pages = "012002",
    primaryClass = "hep-ex",
    reportNumber = "LHCB-PAPER-2016-019, CERN-EP-2016-156",
    title = "{Amplitude analysis of $B^+\to J/\psi \phi K^+$ decays}",
    volume = "95",
    year = "2017"
}
@inproceedings{Amoroso:2020lgh,
    author = "Amoroso, S. and others",
    archivePrefix = "arXiv",
    booktitle = "{11th Les Houches Workshop on Physics at TeV Colliders}: {PhysTeV Les Houches}",
    eprint = "2003.01700",
    month = "3",
    primaryClass = "hep-ph",
    title = "{Les Houches 2019: Physics at TeV Colliders: Standard Model Working Group Report}",
    year = "2020"
}
@article{DelDebbio:2018siw,
    author = "Del Debbio, Luigi",
    editor = "Della Morte, M. and Fritzsch, P. and Gámiz Sánchez, E. and Pena Ruano, C.",
    doi = "10.1051/epjconf/201817501006",
    journal = "EPJ Web Conf.",
    pages = "01006",
    title = "{Parton distributions in the LHC era}",
    volume = "175",
    year = "2018"
}
@article{Ball:2017nwa,
    author = "Ball, Richard D. and others",
    archivePrefix = "arXiv",
    collaboration = "NNPDF",
    doi = "10.1140/epjc/s10052-017-5199-5",
    eprint = "1706.00428",
    journal = "Eur. Phys. J. C",
    number = "10",
    pages = "663",
    primaryClass = "hep-ph",
    reportNumber = "CAVENDISH-HEP-17-06, CERN-TH-2017-077, EDINBURGH-2017-08, NIKHEF-2017-006, OUTP-17-04P, TIF-UNIMI-2017-3",
    title = "{Parton distributions from high-precision collider data}",
    volume = "77",
    year = "2017"
}
@misc{SM_wiki,
   author = "{Wikipedia contributors}",
   title = "Standard Model Of Particle Physics --- {W}ikipedia{,} The Free Encyclopedia",
   year = "2020",
   howpublished="\url{https://en.wikipedia.org/wiki/Standard_Model}",
}

@inproceedings{Lykken:2010mc,
    author = "Lykken, Joseph D.",
    archivePrefix = "arXiv",
    eprint = "1005.1676",
    month = "5",
    primaryClass = "hep-ph",
    reportNumber = "FERMILAB-CONF-10-103-T",
    title = "{Beyond the Standard Model}",
    year = "2010"
}
@inproceedings{Lee:2019zbu,
    author = "Lee, Hyun Min",
    archivePrefix = "arXiv",
    eprint = "1907.12409",
    month = "7",
    primaryClass = "hep-ph",
    title = "{Lectures on Physics Beyond the Standard Model}",
    year = "2019"
}
@article{Ellis:2009pz,
    author = "Ellis, John",
    editor = "Tserruya, Itzhak and Gal, Avraham and Ashery, Daniel",
    archivePrefix = "arXiv",
    doi = "10.1016/j.nuclphysa.2009.05.034",
    eprint = "0902.0357",
    journal = "Nucl. Phys. A",
    pages = "187C--198C",
    primaryClass = "hep-ph",
    reportNumber = "CERN-PH-TH-2008-020",
    title = "{Physics Beyond the Standard Model}",
    volume = "827",
    year = "2009"
}
@article{Ellis:2012zz,
    author = "Ellis, John",
    doi = "10.1098/rsta.2011.0452",
    journal = "Phil. Trans. Roy. Soc. Lond. A",
    pages = "818--830",
    title = "{Outstanding questions: Physics beyond the Standard Model}",
    volume = "370",
    year = "2012"
}
@article{Virdee:2016,
    author = {Virdee, T.},
    year = {2016},
    month = {08},
    pages = {20150259},
    title = {Beyond the standard model of particle physics},
    volume = {374},
    journal = {Philosophical Transactions of the Royal Society A: Mathematical, Physical and Engineering Sciences},
    doi = {10.1098/rsta.2015.0259}
}
@article{Halkiadakis:2014qda,
    author = "Halkiadakis, Eva and Redlinger, George and Shih, David",
    archivePrefix = "arXiv",
    doi = "10.1146/annurev-nucl-102313-025632",
    eprint = "1411.1427",
    journal = "Ann. Rev. Nucl. Part. Sci.",
    pages = "319--342",
    primaryClass = "hep-ex",
    title = "{Status and Implications of Beyond-the-Standard-Model Searches at the LHC}",
    volume = "64",
    year = "2014"
}
@article{Canetti:2012zc,
    author = "Canetti, Laurent and Drewes, Marco and Shaposhnikov, Mikhail",
    archivePrefix = "arXiv",
    doi = "10.1088/1367-2630/14/9/095012",
    eprint = "1204.4186",
    journal = "New J. Phys.",
    pages = "095012",
    primaryClass = "hep-ph",
    reportNumber = "TTK-12-04",
    title = "{Matter and Antimatter in the Universe}",
    volume = "14",
    year = "2012"
}
@article{Sakharov:1967dj,
    author = "Sakharov, A.D.",
    doi = "10.1070/PU1991v034n05ABEH002497",
    journal = "Sov. Phys. Usp.",
    number = "5",
    pages = "392--393",
    title = "{Violation of CP Invariance, C asymmetry, and baryon asymmetry of the universe}",
    volume = "34",
    year = "1991"
}
@inproceedings{Dine:2000cj,
    author = "Dine, Michael",
    archivePrefix = "arXiv",
    booktitle = "{Theoretical Advanced Study Institute in Elementary Particle Physics (TASI 2000): Flavor Physics for the Millennium}",
    eprint = "hep-ph/0011376",
    month = "6",
    pages = "349--369",
    reportNumber = "SCIPP-00-30",
    title = "{TASI lectures on the strong CP problem}",
    year = "2000"
}
@article{Baker:2006ts,
    author = "Baker, C.A. and others",
    archivePrefix = "arXiv",
    doi = "10.1103/PhysRevLett.97.131801",
    eprint = "hep-ex/0602020",
    journal = "Phys. Rev. Lett.",
    pages = "131801",
    title = "{An Improved experimental limit on the electric dipole moment of the neutron}",
    volume = "97",
    year = "2006"
}
@article{Peccei:1977hh,
      author         = "Peccei, R. D. and Quinn, Helen R.",
      title          = "{CP Conservation in the Presence of Instantons}",
      journal        = "Phys. Rev. Lett.",
      volume         = "38",
      year           = "1977",
      pages          = "1440-1443",
      doi            = "10.1103/PhysRevLett.38.1440",
      reportNumber   = "ITP-568-STANFORD",
      SLACcitation   = "%%CITATION = PRLTA,38,1440;%%"
}
@article{Baluni:1978rf,
    author = "Baluni, Varouzhan",
    doi = "10.1103/PhysRevD.19.2227",
    journal = "Phys. Rev. D",
    pages = "2227--2230",
    reportNumber = "MIT-CTP-726",
    title = "{CP Violating Effects in QCD}",
    volume = "19",
    year = "1979"
}
@article{Crewther:1979pi,
    author = "Crewther, R.J. and Di Vecchia, P. and Veneziano, G. and Witten, Edward",
    doi = "10.1016/0370-2693(79)90128-X",
    journal = "Phys. Lett. B",
    note = "[Erratum: Phys.Lett.B 91, 487 (1980)]",
    pages = "123",
    reportNumber = "CERN-TH-2735",
    title = "{Chiral Estimate of the Electric Dipole Moment of the Neutron in Quantum Chromodynamics}",
    volume = "88",
    year = "1979"
}
@article{Peccei:1977ur,
    author = "Peccei, R.D. and Quinn, Helen R.",
    doi = "10.1103/PhysRevD.16.1791",
    journal = "Phys. Rev. D",
    pages = "1791--1797",
    reportNumber = "ITP-572-STANFORD",
    title = "{Constraints Imposed by CP Conservation in the Presence of Instantons}",
    volume = "16",
    year = "1977"
}
@article{Weinberg:1977ma,
    author = "Weinberg, Steven",
    doi = "10.1103/PhysRevLett.40.223",
    journal = "Phys. Rev. Lett.",
    pages = "223--226",
    reportNumber = "HUTP-77/A074",
    title = "{A New Light Boson?}",
    volume = "40",
    year = "1978"
}
@article{Wilczek:1977pj,
    author = "Wilczek, Frank",
    doi = "10.1103/PhysRevLett.40.279",
    journal = "Phys. Rev. Lett.",
    pages = "279--282",
    reportNumber = "Print-77-0939 (COLUMBIA)",
    title = "{Problem of Strong  $P$  and  $T$  Invariance in the Presence of Instantons}",
    volume = "40",
    year = "1978"
}
@inproceedings{Csaki:2016kln,
    author = "Csáki, Csaba and Tanedo, Philip",
    archivePrefix = "arXiv",
    booktitle = "{2013 European School of High-Energy Physics}",
    doi = "10.5170/CERN-2015-004.169",
    eprint = "1602.04228",
    pages = "169--268",
    primaryClass = "hep-ph",
    reportNumber = "UCI-TR-2016-01",
    title = "{Beyond the Standard Model}",
    year = "2015"
}
@article{deGouvea:2014xba,
    author = "de Gouvea, Andre and Hernandez, Daniel and Tait, Tim M. P.",
    archivePrefix = "arXiv",
    doi = "10.1103/PhysRevD.89.115005",
    eprint = "1402.2658",
    journal = "Phys. Rev. D",
    number = "11",
    pages = "115005",
    primaryClass = "hep-ph",
    reportNumber = "NUHEP-TH-14-01, UCI-HEP-TR-2013-20",
    title = "{Criteria for Natural Hierarchies}",
    volume = "89",
    year = "2014"
}
@book{wess_bagger_2009,
  title={Supersymmetry and supergravity},
  publisher={World Publishing Corporation},
  author={Wess, Julius and Bagger, Jonathan},
  year={2009}
}
@inproceedings{Wess:1984jr,
    author = "Wess, J.",
    booktitle = "{22nd International Conference on High-Energy Physics}",
    month = "7",
    pages = "II.84",
    reportNumber = "NSF-ITP-84-137",
    title = "{SUPERSYMMETRY AND SUPERGRAVITY}",
    year = "1984"
}
@inproceedings{Lykken:1996xt,
    author = "Lykken, Joseph D.",
    archivePrefix = "arXiv",
    booktitle = "{Theoretical Advanced Study Institute in Elementary Particle Physics (TASI 96): Fields, Strings, and Duality}",
    eprint = "hep-th/9612114",
    month = "6",
    pages = "85--153",
    reportNumber = "FERMILAB-PUB-96-445-T",
    title = "{Introduction to supersymmetry}",
    year = "1996"
}
@article{Quevedo:2010ui,
    author = "Quevedo, Fernando and Krippendorf, Sven and Schlotterer, Oliver",
    archivePrefix = "arXiv",
    eprint = "1011.1491",
    month = "11",
    primaryClass = "hep-th",
    reportNumber = "DAMTP-2010-90, MPP-2010-143",
    title = "{Cambridge Lectures on Supersymmetry and Extra Dimensions}",
    year = "2010"
}
@inproceedings{Strassler:2003qg,
    author = "Strassler, Matthew J.",
    archivePrefix = "arXiv",
    booktitle = "{Theoretical Advanced Study Institute in Elementary Particle Physics (TASI 2001): Strings, Branes and EXTRA Dimensions}",
    doi = "10.1142/9789812702821\_0011",
    eprint = "hep-th/0309149",
    month = "9",
    pages = "561--638",
    reportNumber = "UW-PT-03-18",
    title = "{An Unorthodox introduction to supersymmetric gauge theory}",
    year = "2003"
}
@inproceedings{Peskin:1997qi,
    author = "Peskin, Michael E.",
    archivePrefix = "arXiv",
    booktitle = "{Theoretical Advanced Study Institute in Elementary Particle Physics (TASI 96): Fields, Strings, and Duality}",
    eprint = "hep-th/9702094",
    month = "2",
    pages = "729--809",
    reportNumber = "SLAC-PUB-7393",
    title = "{Duality in supersymmetric Yang-Mills theory}",
    year = "1997"
}
@article{Seiberg:1994pq,
    author = "Seiberg, N.",
    archivePrefix = "arXiv",
    doi = "10.1016/0550-3213(94)00023-8",
    eprint = "hep-th/9411149",
    journal = "Nucl. Phys. B",
    pages = "129--146",
    reportNumber = "RU-94-82, IASSNS-HEP-94-98",
    title = "{Electric - magnetic duality in supersymmetric nonAbelian gauge theories}",
    volume = "435",
    year = "1995"
}
@article{Intriligator:2007cp,
    author = "Intriligator, Kenneth A. and Seiberg, Nathan",
    editor = "Bachas, Costas and Baulieu, Laurent and Douglas, Michael and Kiritsis, Elias and Rabinovici, Eliezer and Vanhove, Pierre and Windey, Paul and Cugliandolo, Leticia F.",
    archivePrefix = "arXiv",
    doi = "10.1088/0264-9381/24/21/S02",
    eprint = "hep-ph/0702069",
    journal = "Class. Quant. Grav.",
    pages = "S741--S772",
    reportNumber = "UCSD-PTH-07-02",
    title = "{Lectures on Supersymmetry Breaking}",
    volume = "24",
    year = "2007"
}
@inproceedings{Gupta:1997nd,
    author = "Gupta, Rajan",
    archivePrefix = "arXiv",
    booktitle = "{Les Houches Summer School in Theoretical Physics, Session 68: Probing the Standard Model of Particle Interactions}",
    eprint = "hep-lat/9807028",
    month = "7",
    pages = "83--219",
    reportNumber = "LA-UR-98-3271",
    title = "{Introduction to lattice QCD: Course}",
    year = "1997"
}
@article{Aoyama:2012wk,
    author = "Aoyama, Tatsumi and Hayakawa, Masashi and Kinoshita, Toichiro and Nio, Makiko",
    archivePrefix = "arXiv",
    doi = "10.1103/PhysRevLett.109.111808",
    eprint = "1205.5370",
    journal = "Phys. Rev. Lett.",
    pages = "111808",
    primaryClass = "hep-ph",
    reportNumber = "RIKEN-QHP-26",
    title = "{Complete Tenth-Order QED Contribution to the Muon g-2}",
    volume = "109",
    year = "2012"
}
@article{Bennett:2006fi,
    author = "Bennett, G.W. and others",
    archivePrefix = "arXiv",
    collaboration = "Muon g-2",
    doi = "10.1103/PhysRevD.73.072003",
    eprint = "hep-ex/0602035",
    journal = "Phys. Rev. D",
    pages = "072003",
    title = "{Final Report of the Muon E821 Anomalous Magnetic Moment Measurement at BNL}",
    volume = "73",
    year = "2006"
}
@article{Blum:2013xva,
    author = "Blum, Thomas and Denig, Achim and Logashenko, Ivan and de Rafael, Eduardo and Roberts, B.Lee and Teubner, Thomas and Venanzoni, Graziano",
    archivePrefix = "arXiv",
    eprint = "1311.2198",
    month = "11",
    primaryClass = "hep-ph",
    title = "{The Muon (g-2) Theory Value: Present and Future}",
    year = "2013"
}
@article{Chapelain:2017syu,
    author = "Chapelain, Antoine",
    editor = "Foka, Y. and Brambilla, N. and Kovalenko, V.",
    archivePrefix = "arXiv",
    collaboration = "Muon g-2",
    doi = "10.1051/epjconf/201713708001",
    eprint = "1701.02807",
    journal = "EPJ Web Conf.",
    pages = "08001",
    primaryClass = "physics.ins-det",
    reportNumber = "FERMILAB-CONF-17-352-E",
    title = "{The Muon g-2 experiment at Fermilab}",
    volume = "137",
    year = "2017"
}
@article{Capdevila:2017bsm,
    author = "Capdevila, Bernat and Crivellin, Andreas and Descotes-Genon, Sébastien and Matias, Joaquim and Virto, Javier",
    archivePrefix = "arXiv",
    doi = "10.1007/JHEP01(2018)093",
    eprint = "1704.05340",
    journal = "JHEP",
    pages = "093",
    primaryClass = "hep-ph",
    reportNumber = "PSI-PR-17-05, LPT-ORSAY-17-19",
    title = "{Patterns of New Physics in $b\to s\ell^+\ell^-$ transitions in the light of recent data}",
    volume = "01",
    year = "2018"
}
@article{Xing:2014sja,
    author = "Xing, Zhi-zhong",
    archivePrefix = "arXiv",
    doi = "10.1142/S0217751X14300671",
    eprint = "1411.2713",
    journal = "Int. J. Mod. Phys. A",
    pages = "1430067",
    primaryClass = "hep-ph",
    title = "{Quark Mass Hierarchy and Flavor Mixing Puzzles}",
    volume = "29",
    year = "2014"
}
@article{Ade:2013zuv,
    author = "Ade, P.A.R. and others",
    archivePrefix = "arXiv",
    collaboration = "Planck",
    doi = "10.1051/0004-6361/201321591",
    eprint = "1303.5076",
    journal = "Astron. Astrophys.",
    pages = "A16",
    primaryClass = "astro-ph.CO",
    reportNumber = "CERN-PH-TH-2013-129",
    title = "{Planck 2013 results. XVI. Cosmological parameters}",
    volume = "571",
    year = "2014"
}
@article{Battye:2013xqa,
    author = "Battye, Richard A. and Moss, Adam",
    archivePrefix = "arXiv",
    doi = "10.1103/PhysRevLett.112.051303",
    eprint = "1308.5870",
    journal = "Phys. Rev. Lett.",
    number = "5",
    pages = "051303",
    primaryClass = "astro-ph.CO",
    title = "{Evidence for Massive Neutrinos from Cosmic Microwave Background and Lensing Observations}",
    volume = "112",
    year = "2014"
}
@article{Fukuda:1998mi,
    author = "Fukuda, Y. and others",
    archivePrefix = "arXiv",
    collaboration = "Super-Kamiokande",
    doi = "10.1103/PhysRevLett.81.1562",
    eprint = "hep-ex/9807003",
    journal = "Phys. Rev. Lett.",
    pages = "1562--1567",
    reportNumber = "BU-98-17, ICRR-REPORT-422-98-18, UCI-98-8, KEK-PREPRINT-98-95, LSU-HEPA-5-98, UMD-98-003, SBHEP-98-5, TKU-PAP-98-06, TIT-HPE-98-09",
    title = "{Evidence for oscillation of atmospheric neutrinos}",
    volume = "81",
    year = "1998"
}
@article{Araki:2004mb,
    author = "Araki, T. and others",
    archivePrefix = "arXiv",
    collaboration = "KamLAND",
    doi = "10.1103/PhysRevLett.94.081801",
    eprint = "hep-ex/0406035",
    journal = "Phys. Rev. Lett.",
    pages = "081801",
    title = "{Measurement of neutrino oscillation with KamLAND: Evidence of spectral distortion}",
    volume = "94",
    year = "2005"
}
@article{Evans:2013pka,
    author = "Evans, Justin",
    archivePrefix = "arXiv",
    collaboration = "MINOS",
    doi = "10.1155/2013/182537",
    eprint = "1307.0721",
    journal = "Adv. High Energy Phys.",
    pages = "182537",
    primaryClass = "hep-ex",
    reportNumber = "FERMILAB-PUB-13-279-PPD",
    title = "{The MINOS Experiment: Results and Prospects}",
    volume = "2013",
    year = "2013"
}
@article{King:2003jb,
    author = "King, S.F.",
    archivePrefix = "arXiv",
    doi = "10.1088/0034-4885/67/2/R01",
    eprint = "hep-ph/0310204",
    journal = "Rept. Prog. Phys.",
    pages = "107--158",
    reportNumber = "SHEP-03-15",
    title = "{Neutrino mass models}",
    volume = "67",
    year = "2004"
}
@article{Schwingenheuer:2012zs,
    author = "Schwingenheuer, Bernhard",
    archivePrefix = "arXiv",
    doi = "10.1002/andp.201200222",
    eprint = "1210.7432",
    journal = "Annalen Phys.",
    pages = "269--280",
    primaryClass = "hep-ex",
    title = "{Status and prospects of searches for neutrinoless double beta decay}",
    volume = "525",
    year = "2013"
}
@article{Kaluza:1921tu,
    author = "Kaluza, Th.",
    archivePrefix = "arXiv",
    doi = "10.1142/S0218271818700017",
    eprint = "1803.08616",
    journal = "Sitzungsber.Preuss.Akad.Wiss.Berlin(Math.Phys.)",
    pages = "966-972",
    primaryClass = "physics.hist-ph",
    reportNumber = "HUPD-8401",
    title = "{Zum Unit{\"a}tsproblem der Physik}",
    year = "1921"
}
@article{Klein:1926tv,
    author = "Klein, Oskar",
    editor = "Taylor, J.C.",
    doi = "10.1007/BF01397481",
    journal = "Z. Phys.",
    pages = "895--906",
    title = "{Quantum Theory and Five-Dimensional Theory of Relativity. (In German and English)}",
    volume = "37",
    year = "1926"
}
@article{Einstein:1938fk,
    author = "Einstein, Albert and Bergmann, P.",
    doi = "10.2307/1968642",
    journal = "Annals Math.",
    pages = "683--701",
    title = "{On a Generalization of Kaluza's Theory of Electricity}",
    volume = "39",
    year = "1938"
}
@inproceedings{Csaki:2004ay,
    author = "Csaki, Csaba",
    archivePrefix = "arXiv",
    booktitle = "{Theoretical Advanced Study Institute in Elementary Particle Physics (TASI 2002): Particle Physics and Cosmology: The Quest for Physics Beyond the Standard Model(s)}",
    eprint = "hep-ph/0404096",
    month = "4",
    pages = "605--698",
    title = "{TASI lectures on extra dimensions and branes}",
    year = "2004"
}
@inproceedings{Csaki:2005vy,
    author = "Csaki, Csaba and Hubisz, Jay and Meade, Patrick",
    archivePrefix = "arXiv",
    booktitle = "{Theoretical Advanced Study Institute in Elementary Particle Physics}: {Physics in D $\geqq$ 4}",
    eprint = "hep-ph/0510275",
    month = "10",
    pages = "703--776",
    title = "{TASI lectures on electroweak symmetry breaking from extra dimensions}",
    year = "2005"
}
@inproceedings{Rattazzi:2003ea,
    author = "Rattazzi, R.",
    archivePrefix = "arXiv",
    booktitle = "{Cargese School of Particle Physics and Cosmology: the Interface}",
    eprint = "hep-ph/0607055",
    month = "8",
    pages = "461--517",
    reportNumber = "CERN-PH-TH-2006-029",
    title = "{Cargese lectures on extra-dimensions}",
    year = "2003"
}
@inproceedings{Ponton:2012bi,
    author = "Ponton, Eduardo",
    archivePrefix = "arXiv",
    booktitle = "{Theoretical Advanced Study Institute in Elementary Particle Physics}: {The Dark Secrets of the Terascale}",
    doi = "10.1142/9789814390163\_0007",
    eprint = "1207.3827",
    pages = "283--374",
    primaryClass = "hep-ph",
    title = "{TASI 2011: Four Lectures on TeV Scale Extra Dimensions}",
    year = "2013"
}
@inproceedings{Cheng:2010pt,
    author = "Cheng, Hsin-Chia",
    archivePrefix = "arXiv",
    booktitle = "{Theoretical Advanced Study Institute in Elementary Particle Physics}: {Physics of the Large and the Small}",
    doi = "10.1142/9789814327183\_0003",
    eprint = "1003.1162",
    pages = "125--162",
    primaryClass = "hep-ph",
    title = "{Introduction to Extra Dimensions}",
    year = "2011"
}
@book{Bertone:2010zza,
    author = "Silk, J. and others",
    editor = "Bertone, Gianfranco",
    address = "Cambridge",
    doi = "10.1017/CBO9780511770739",
    isbn = "978-1-107-65392-4",
    publisher = "Cambridge Univ. Press",
    title = "{Particle Dark Matter: Observations, Models and Searches}",
    year = "2010"
}
@misc{darkmatter,
  title={Dark Matter},
  journal={Encyclop\ae dia Britannica},
  author={Riess, Adam G},
  howpublished={\url{https://www.britannica.com/science/dark-matter}}
}
@article{Zwicky:1937,
       author = {{Zwicky}, F.},
        title = "{On the Masses of Nebulae and of Clusters of Nebulae}",
      journal = {Astrophysical Journal},
         year = {1937},
        month = {Oct},
       volume = {86},
        pages = {217},
          doi = {10.1086/143864},
}
@article{rubin:1970,
       author = {{Rubin}, Vera C. and {Ford}, W. Kent, Jr.},
        title = "{Rotation of the Andromeda Nebula from a Spectroscopic Survey of Emission Regions}",
      journal = {Astrophysical Journal},
         year = {1970},
        month = {Feb},
       volume = {159},
        pages = {379},
          doi = {10.1086/150317},
}
@article{freeman:1970,
       author = {{Freeman}, K.~C.},
        title = "{On the Disks of Spiral and S0 Galaxies}",
      journal = {Astrophysical Journal},
         year = {1970},
        month = {Jun},
       volume = {160},
        pages = {811},
          doi = {10.1086/150474},
}
@article{vanAlbada:1984js,
    author = "van Albada, T.S. and Bahcall, John N. and Begeman, K. and Sancisi, R.",
    doi = "10.1086/163375",
    journal = "Astrophys. J.",
    pages = "305--313",
    reportNumber = "PRINT-84-0918",
    title = "{The Distribution of Dark Matter in the Spiral Galaxy {NGC}-3198}",
    volume = "295",
    year = "1985"
}
@article{Clowe:2003tk,
    author = "Clowe, Douglas and Gonzalez, Anthony and Markevitch, Maxim",
    archivePrefix = "arXiv",
    doi = "10.1086/381970",
    eprint = "astro-ph/0312273",
    journal = "Astrophys. J.",
    pages = "596--603",
    title = "{Weak lensing mass reconstruction of the interacting cluster 1E0657-558: Direct evidence for the existence of dark matter}",
    volume = "604",
    year = "2004"
}
@article{Markevitch:2003at,
    author = "Markevitch, Maxim and Gonzalez, A.H. and Clowe, D. and Vikhlinin, A. and David, L. and Forman, W. and Jones, C. and Murray, S. and Tucker, W.",
    archivePrefix = "arXiv",
    doi = "10.1086/383178",
    eprint = "astro-ph/0309303",
    journal = "Astrophys. J.",
    pages = "819--824",
    title = "{Direct constraints on the dark matter self-interaction cross-section from the merging galaxy cluster 1E0657-56}",
    volume = "606",
    year = "2004"
}
@article{Aghanim:2018eyx,
    author = "Aghanim, N. and others",
    archivePrefix = "arXiv",
    collaboration = "Planck",
    eprint = "1807.06209",
    month = "7",
    primaryClass = "astro-ph.CO",
    title = "{Planck 2018 results. VI. Cosmological parameters}",
    year = "2018"
}
@article{White:1984yj,
    author = "White, Simon D.M. and Frenk, C.S. and Davis, M.",
    editor = "Srednicki, M.A.",
    doi = "10.1086/161425",
    journal = "Astrophys. J.",
    pages = "L1--L5",
    title = "{Clustering in a Neutrino Dominated Universe}",
    volume = "274",
    year = "1983"
}
@inproceedings{Raffelt:1995ym,
    author = "Raffelt, Georg G.",
    archivePrefix = "arXiv",
    booktitle = "{30th Rencontres de Moriond: Euroconferences: Dark Matter in Cosmology, Clocks and Tests of Fundamental Laws}",
    eprint = "hep-ph/9502358",
    pages = "159--168",
    title = "{Axions in astrophysics and cosmology}",
    year = "1995"
}
@article{Jungman:1995df,
    author = "Jungman, Gerard and Kamionkowski, Marc and Griest, Kim",
    archivePrefix = "arXiv",
    doi = "10.1016/0370-1573(95)00058-5",
    eprint = "hep-ph/9506380",
    journal = "Phys. Rept.",
    pages = "195--373",
    reportNumber = "SU-4240-605, UCSD-PTH-95-02, IASSNS-HEP-95-14, CU-TP-677",
    title = "{Supersymmetric dark matter}",
    volume = "267",
    year = "1996"
}
@inproceedings{Rovelli:2000aw,
    author = "Rovelli, Carlo",
    archivePrefix = "arXiv",
    booktitle = "{9th Marcel Grossmann Meeting on Recent Developments in Theoretical and Experimental General Relativity, Gravitation and Relativistic Field Theories (MG 9)}",
    eprint = "gr-qc/0006061",
    month = "6",
    pages = "742--768",
    title = "{Notes for a brief history of quantum gravity}",
    year = "2000"
}
@article{Ashtekar_1974,
	doi = {10.1088/0034-4885/37/10/001},
	url = {https://doi.org/10.1088%2F0034-4885%2F37%2F10%2F001},
	year = {1974},
	month = {Oct},
	publisher = {{IOP} Publishing},
	volume = {37},
	number = {10},
	pages = {1211--1256},
	author = {A Ashtekar and R Geroch},
	title = {Quantum theory of gravitation},
	journal = {Reports on Progress in Physics},
}
@article{Ashtekar:2014kba,
    author = "Ashtekar, Abhay and Reuter, Martin and Rovelli, Carlo",
    archivePrefix = "arXiv",
    eprint = "1408.4336",
    month = "8",
    primaryClass = "gr-qc",
    title = "{From General Relativity to Quantum Gravity}",
    year = "2014"
}
@article{PhysRev.98.1118,
    title = {Special-Relativistic Derivation of Generally Covariant Gravitation Theory},
    author = {Kraichnan, Robert H.},
    journal = {Phys. Rev.},
    volume = {98},
    issue = {4},
    pages = {1118--1122},
    numpages = {0},
    year = {1955},
    month = {May},
    publisher = {American Physical Society},
    doi = {10.1103/PhysRev.98.1118},
    url = {https://link.aps.org/doi/10.1103/PhysRev.98.1118}
}
@article{Mukhi:2011zz,
    author = "Mukhi, Sunil",
    archivePrefix = "arXiv",
    doi = "10.1088/0264-9381/28/15/153001",
    eprint = "1110.2569",
    journal = "Class. Quant. Grav.",
    pages = "153001",
    primaryClass = "physics.pop-ph",
    reportNumber = "TIFR-TH-11-44",
    title = "{String theory: a perspective over the last 25 years}",
    volume = "28",
    year = "2011"
}
@article{Abbott:2016blz,
    author = "Abbott, B.P. and others",
    archivePrefix = "arXiv",
    collaboration = "LIGO Scientific, Virgo",
    doi = "10.1103/PhysRevLett.116.061102",
    eprint = "1602.03837",
    journal = "Phys. Rev. Lett.",
    number = "6",
    pages = "061102",
    primaryClass = "gr-qc",
    reportNumber = "LIGO-P150914",
    title = "{Observation of Gravitational Waves from a Binary Black Hole Merger}",
    volume = "116",
    year = "2016"
}
@article{Schwarz:1998ny,
    author = "Schwarz, John H. and Seiberg, Nathan",
    archivePrefix = "arXiv",
    doi = "10.1103/RevModPhys.71.S112",
    eprint = "hep-th/9803179",
    journal = "Rev. Mod. Phys.",
    pages = "S112--S120",
    reportNumber = "IASSNS-HEP-98-27, CALT-68-2168",
    title = "{String theory, supersymmetry, unification, and all that}",
    volume = "71",
    year = "1999"
}
@article{Peebles:2002gy,
    author = "Peebles, P.J.E. and Ratra, Bharat",
    editor = "Hsu, Jong-Ping and Fine, D.",
    archivePrefix = "arXiv",
    doi = "10.1103/RevModPhys.75.559",
    eprint = "astro-ph/0207347",
    journal = "Rev. Mod. Phys.",
    pages = "559--606",
    reportNumber = "KSUPT-02-3",
    title = "{The Cosmological Constant and Dark Energy}",
    volume = "75",
    year = "2003"
}
@article{Riess:1998cb,
    author = "Riess, Adam G. and others",
    archivePrefix = "arXiv",
    collaboration = "Supernova Search Team",
    doi = "10.1086/300499",
    eprint = "astro-ph/9805201",
    journal = "Astron. J.",
    pages = "1009--1038",
    title = "{Observational evidence from supernovae for an accelerating universe and a cosmological constant}",
    volume = "116",
    year = "1998"
}
@article{Ellis:2008di,
    author = "Ellis, John",
    archivePrefix = "arXiv",
    doi = "10.1140/epjc/s10052-008-0790-4",
    eprint = "0810.1178",
    journal = "Eur. Phys. J. C",
    pages = "335--343",
    primaryClass = "hep-ph",
    reportNumber = "CERN-PH-TH-2008-208",
    title = "{Prospects for Discovering Supersymmetry at the LHC}",
    volume = "59",
    year = "2009"
}
@article{Baer:2020kwz,
    author = "Baer, Howard and Sengupta, Dibyashree and Salam, Shadman and Sinha, Kuver and Barger, Vernon",
    archivePrefix = "arXiv",
    eprint = "2002.03013",
    month = "2",
    primaryClass = "hep-ph",
    reportNumber = "OU-HEP-191231",
    title = "{Midi-review: Status of weak scale supersymmetry after LHC Run 2 and ton-scale noble liquid WIMP searches}",
    year = "2020"
}


@article{Ali:2010tw,
    author = "Ali, Ahmed and Kramer, Gustav",
    archivePrefix = "arXiv",
    doi = "10.1140/epjh/e2011-10047-1",
    eprint = "1012.2288",
    journal = "Eur. Phys. J. H",
    pages = "245--326",
    primaryClass = "hep-ph",
    reportNumber = "DESY-10-215",
    title = "{Jets and QCD: A Historical Review of the Discovery of the Quark and Gluon Jets and its Impact on QCD}",
    volume = "36",
    year = "2011"
}
@article{Gell-Mann:2015noa,
    author = "Gell-Mann, M.",
    editor = "Fritzsch, Harald and Gell-Mann, Murray",
    doi = "10.1007/978-3-7091-4034-5\_20",
    journal = "Acta Phys. Austriaca Suppl.",
    pages = "733--761",
    reportNumber = "CERN-TH-1543",
    title = "{Quarks}",
    volume = "9",
    year = "1972"
}
@article{Fritzsch:1973pi,
    author = "Fritzsch, H. and Gell-Mann, Murray and Leutwyler, H.",
    doi = "10.1016/0370-2693(73)90625-4",
    journal = "Phys. Lett. B",
    pages = "365--368",
    reportNumber = "CALT-68-409",
    title = "{Advantages of the Color Octet Gluon Picture}",
    volume = "47",
    year = "1973"
}
@article{Fritzsch:1972jv,
    author = "Fritzsch, Harald and Gell-Mann, Murray",
    editor = "Jackson, J.D. and Roberts, A.",
    archivePrefix = "arXiv",
    eprint = "hep-ph/0208010",
    journal = "eConf",
    pages = "135--165",
    title = "{Current algebra: Quarks and what else?}",
    volume = "C720906V2",
    year = "1972"
}
@article{Gross:1973id,
    author = "Gross, David J. and Wilczek, Frank",
    editor = "Taylor, J.C.",
    doi = "10.1103/PhysRevLett.30.1343",
    journal = "Phys. Rev. Lett.",
    pages = "1343--1346",
    title = "{Ultraviolet Behavior of Nonabelian Gauge Theories}",
    volume = "30",
    year = "1973"
}
@article{Politzer:1973fx,
    author = "Politzer, H.David",
    editor = "Taylor, J.C.",
    doi = "10.1103/PhysRevLett.30.1346",
    journal = "Phys. Rev. Lett.",
    pages = "1346--1349",
    title = "{Reliable Perturbative Results for Strong Interactions?}",
    volume = "30",
    year = "1973"
}
@article{Gross:1974fm,
    author = "Gross, David J.",
    doi = "10.1103/PhysRevLett.32.1071",
    journal = "Phys. Rev. Lett.",
    pages = "1071",
    reportNumber = "COO-2232B-46",
    title = "{How to Test Scaling in Asymptotically Free Theories}",
    volume = "32",
    year = "1974"
}
@article{Wilson:1974sk,
    author = "Wilson, Kenneth G.",
    editor = "Taylor, J.C.",
    doi = "10.1103/PhysRevD.10.2445",
    month = "2",
    pages = "45--59",
    reportNumber = "CLNS-262",
    title = "{Confinement of Quarks}",
    year = "1974"
}
@inproceedings{Feynman:1989dd,
    author = "Feynman, R.P.",
    month = "9",
    pages = "497--518",
    title = "{THE BEHAVIOR OF HADRON COLLISIONS AT EXTREME ENERGIES}",
    year = "1989"
}
@article{Drell:1969wb,
    author = "Drell, S.D. and Levy, Donald J. and Yan, Tung-Mow",
    doi = "10.1103/PhysRevD.1.1617",
    journal = "Phys. Rev. D",
    pages = "1617--1639",
    reportNumber = "SLAC-PUB-0685",
    title = "{A Theory of Deep Inelastic Lepton-Nucleon Scattering and Lepton Pair Annihilation Processes. 3. Deep Inelastic electron-Positron Annihilation}",
    volume = "1",
    year = "1970"
}
@article{Cabbibo:1970,
    author = "Cabibbo, N., Parisi, G. and Testa, M.",
    doi = "10.1007/BF02755392",
    title = "{Hadron production in e+e− collisions}",
    year = "1970",
    journal = "Lettere Nuovo Cimento (1969-1970)",
    volume = "4",
    pages = "35-39"
}
@article{Blankenbecler:1972cd,
    author = "Blankenbecler, Richard and Brodsky, Stanley J. and Gunion, J.F.",
    doi = "10.1016/0370-2693(72)90107-4",
    journal = "Phys. Lett. B",
    pages = "461--465",
    reportNumber = "SLAC-PUB-1140",
    title = "{Inclusive Processes at High Transverse Momentum}",
    volume = "42",
    year = "1972"
}



@misc{CERN-Brochure-2017-002-Eng,
      title         = "{LHC Guide}",
      month         = "Mar",
      year          = "2017",
      reportNumber  = "CERN-Brochure-2017-002-Eng",
      howpublished  = "\url{https://cds.cern.ch/record/2255762}",
}
@techreport{Pettersson:291782,
      author        = "Pettersson, Thomas Sven and Lef{\`e}vre, P",
      title         = "{The Large Hadron Collider: conceptual design}",
      collaboration = "LHC Study Group",
      number        = "CERN-AC-95-05-LHC",
      month         = "Oct",
      year          = "1995",
      howpublished  = "\url{https://cds.cern.ch/record/291782}",
}
@article{Evans:313675,
      author        = "Evans, Lyndon R",
      title         = "{The Large Hadron Collider Project}",
      number        = "LHC-Project-Report-53. CERN-LHC-Project-Report-53",
      pages         = "10 p",
      month         = "Sep",
      year          = "1996",
      reportNumber  = "LHC-Project-Report-53",
      url           = "https://cds.cern.ch/record/313675",
}
@article{Evans:2008zzb,
    editor = "Evans, Lyndon and Bryant, Philip",
    doi = "10.1088/1748-0221/3/08/S08001",
    journal = "JINST",
    pages = "S08001",
    title = "{LHC Machine}",
    volume = "3",
    year = "2008"
}
@book{LEP-design,
      title         = "{LEP design report}",
      publisher     = "CERN",
      address       = "Geneva",
      year          = "1984",
      url           = "https://cds.cern.ch/record/102083",
      note          = "Copies shelved as reports in LEP, PS and SPS libraries",
}
@book{Myers:226776,
      author        = "Myers, Stephen",
      title         = "{The LEP Collider, from design to approval and
                       commissioning}",
      publisher     = "CERN",
      address       = "Geneva",
      series        = "John Adams' Lecture",
      year          = "1991",
      url           = "https://cds.cern.ch/record/226776",
      note          = "Delivered at CERN, 26 Nov 1990",
      doi           = "10.5170/CERN-1991-008",
}
@Misc{cern-lep,
 title = "{The Large Electron-Positron Collider}",
 howpublished = "\url{https://home.cern/science/accelerators/large-electron-positron-collider}"
}

@article{HiggsBridge,
    author = "Allen, Roland E.",
    title = "{The Higgs Bridge}",
    eprint = "1311.2647",
    archivePrefix = "arXiv",
    primaryClass = "hep-ph",
    doi = "10.1088/0031-8949/89/01/018001",
    journal = "Phys. Scripta",
    volume = "89",
    pages = "018001",
    year = "2013"
}
@Misc{accelerator-complex,
 title = "{CERN Accelerator Complex}",
 howpublished = "\url{https://public-archive.web.cern.ch/en/research/AccelComplex-en.html}"
}
@Misc{atlas-discover-detector,
 title = "{ATLAS Detector \& Technology}",
 howpublished = "\url{https://atlas.cern/discover/detector}"
}
@Misc{cms-discover-detector,
 title = "{CMS Detector}",
 howpublished = "\url{https://cms.cern/detector}"
}
@Misc{cern-accelerators,
 title = "{CERN Accelerators}",
 howpublished = "\url{https://home.cern/science/accelerators}"
}
@Misc{cern-facts-and-figures,
 title = "{CERN Facts and Figures}",
 howpublished = "\url{https://home.cern/resources/faqs/facts-and-figures-about-lhc}"
}
@Misc{cern-powering,
 title = "{Powering CERN}",
 howpublished = "\url{https://home.cern/science/engineering/powering-cern}"
}
@Misc{the-lhc,
 title = "{The Large Hadron Collider}",
 howpublished = "\url{https://home.cern/science/accelerators/large-hadron-collider}"
}
@Misc{hl-lhc,
 title = "{High-Luminosity LHC}",
 howpublished = "\url{https://home.cern/science/accelerators/high-luminosity-lhc}"
}
@inproceedings{Boyd:2020qox,
    author = "Boyd, J.T.",
    archivePrefix = "arXiv",
    booktitle = "{2019 European School of High-Energy Physics}",
    eprint = "2001.04370",
    month = "1",
    primaryClass = "hep-ex",
    title = "{LHC Run-2 and Future Prospects}",
    year = "2020"
}
@techreport{Bajko:1168025,
      author        = "Bajko, M and Bertinelli, F and Catalan-Lasheras, N and
                       Claudet, S and Cruikshank, P and Dahlerup-Petersen, K and
                       Denz, R and Fessia, P and Garion, C and Jimenez, JM and
                       Kirby, G and Lebrun, Ph and Le Naour, S and Mess, K-H and
                       Modena, M and Montabonnet, V and Nunes, R and Parma, V and
                       Perin, A and de Rijk, G and Rijllart, A and Rossi, L and
                       Schmidt, R and Siemko, A and Strubin, P and Tavian, L and
                       Thiesen, H and Tock, J and Todesco, E and Veness, R and
                       Verweij, A and Walckiers, L and Van Weelderen, R and Wolf,
                       R and Fehér, S and Flora, R and Koratzinos, M and Limon, P
                       and Strait, J",
      title         = "{Report of the Task Force on the Incident of 19th
                       September 2008 at the LHC}",
      institution   = "CERN",
      address       = "Geneva",
      number        = "LHC-PROJECT-Report-1168. CERN-LHC-PROJECT-Report-1168",
      month         = "Mar",
      year          = "2009",
      reportNumber  = "LHC-PROJECT-Report-1168",
      url           = "https://cds.cern.ch/record/1168025",
}
@book{humphries_1986,
  title={Principles of charged particle acceleration},
  publisher={J. Wiley},
  author={Humphries, Stanley},
  year={1986}
}
@book{jackson_1999,
  title={Classical Electrodynamics},
  edition={3},
  publisher={Wiley},
  author={Jackson, John David},
  year={1999}
}
@book{griffiths_particles,
  title={Introduction to Elementary Particles},
  edition={2},
  publisher={Wiley},
  author={Griffiths, David},
  year={2008}
}
@book{wilson_accelerators,
  title={An Introduction to Particle Accelerators},
  publisher={Oxford University Press},
  author={Wilson, Edmund},
  year={2001},
  isbn={9780198508298},
  doi={10.1093/acprof:oso/9780198508298.001.0001}
}
@book{Schwartz:2013pla,
    author = "Schwartz, Matthew D.",
    isbn = "978-1-107-03473-0, 978-1-107-03473-0",
    month = "3",
    publisher = "Cambridge University Press",
    title = "{Quantum Field Theory and the Standard Model}",
    year = "2014"
}
@book{Peskin:1995ev,
    author = "Peskin, Michael E. and Schroeder, Daniel V.",
    address = "Reading, USA",
    isbn = "978-0-201-50397-5",
    publisher = "Addison-Wesley",
    title = "{An Introduction to quantum field theory}",
    year = "1995"
}
@book{Weinberg:1995mt,
    author = "Weinberg, Steven",
    isbn = "978-0-521-67053-1, 978-0-511-25204-4",
    month = "6",
    publisher = "Cambridge University Press",
    title = "{The Quantum theory of fields. Vol. 1: Foundations}",
    year = "2005"
}
@article{Holzer:2203629,
      author        = "Holzer, B.J.",
      title         = "{Introduction to Particle Accelerators and their
                       Limitations}",
      pages         = "29-50. 22 p",
      month         = "May",
      year          = "2017",
      reportNumber  = "arXiv:1705.09601",
      url           = "https://cds.cern.ch/record/2203629",
      doi           = "10.5170/CERN-2016-001.29",
      eprint        = "1705.09601",
      archivePrefix = "arXiv",
      primaryClass  = "acc-ph",
}
@Misc{beam-dynamics,
 title = "{Transverse Beam Dynamics}",
 howpublished = "\url{https://indico.cern.ch/event/528094/contributions/2213316/}"
}
@article{Aaboud:2016ijx,
    author = "Aaboud, Morad and others",
    archivePrefix = "arXiv",
    collaboration = "ATLAS",
    doi = "10.1016/j.physletb.2016.08.020",
    eprint = "1607.06605",
    journal = "Phys. Lett. B",
    pages = "158--178",
    primaryClass = "hep-ex",
    reportNumber = "CERN-EP-2016-158",
    title = "{Measurement of the total cross section from elastic scattering in $pp$ collisions at $\sqrt{s}=8$ TeV with the ATLAS detector}",
    volume = "761",
    year = "2016"
}
@article{Aaboud:2016mmw,
    author = "Aaboud, M. and others",
    archivePrefix = "arXiv",
    collaboration = "ATLAS",
    doi = "10.1103/PhysRevLett.117.182002",
    eprint = "1606.02625",
    journal = "Phys. Rev. Lett.",
    number = "18",
    pages = "182002",
    primaryClass = "hep-ex",
    reportNumber = "CERN-EP-2016-140",
    title = "{Measurement of the Inelastic Proton-Proton Cross Section at $\sqrt{s} = 13$  TeV with the ATLAS Detector at the LHC}",
    volume = "117",
    year = "2016"
}

@Article{HIGG-2012-27,
    author         = "{ATLAS Collaboration}",
    title          = "{Observation of a new particle in the search for the Standard Model Higgs boson with the ATLAS detector at the LHC}",
    journal        = "Phys. Lett. B",
    volume         = "716",
    year           = "2012",
    pages          = "1",
    doi            = "10.1016/j.physletb.2012.08.020",
    reportNumber   = "CERN-PH-EP-2012-218",
    eprint         = "1207.7214",
    archivePrefix  = "arXiv",
    primaryClass   = "hep-ex",
}
@article{Aaboud:2017ojs,
    author = "Aaboud, Morad and others",
    archivePrefix = "arXiv",
    collaboration = "ATLAS",
    doi = "10.1103/PhysRevLett.119.051802",
    eprint = "1705.04582",
    journal = "Phys. Rev. Lett.",
    number = "5",
    pages = "051802",
    primaryClass = "hep-ex",
    reportNumber = "CERN-EP-2017-078",
    title = "{Search for the dimuon decay of the Higgs boson in $pp$ collisions at $\sqrt{s}$ = 13 TeV with the ATLAS detector}",
    volume = "119",
    year = "2017"
}

@Article{CMS-HIG-12-028,
    author         = "{CMS Collaboration}",
    title          = "{Observation of a new boson at a mass of 125 GeV with the CMS experiment at the LHC}",
    journal        = "Phys. Lett. B",
    volume         = "716",
    year           = "2012",
    pages          = "30",
    doi            = "10.1016/j.physletb.2012.08.021",
    reportNumber   = "CERN-PH-EP-2012-220",
    eprint         = "1207.7235",
    archivePrefix  = "arXiv",
    primaryClass   = "hep-ex",
}

@misc{Nobel2013,
   author = "{Nobel Media AB 2020}",
   title = "The Nobel Prize in Physics 2013",
   year = "2020",
   howpublished="\url{https://www.nobelprize.org/prizes/physics/2013/summary/}",
}

@article{PERF-2007-01,
    author = "Aad, G. and others",
    collaboration = "ATLAS",
    doi = "10.1088/1748-0221/3/08/S08003",
    journal = "JINST",
    pages = "S08003",
    title = "{The ATLAS Experiment at the CERN Large Hadron Collider}",
    volume = "3",
    year = "2008"
}
@Article{CMS-TDR-08-001,
    author         = "{CMS Collaboration}",
    title          = "{The CMS experiment at the CERN LHC}",
    journal        = "JINST",
    volume         = "3",
    year           = "2008",
    pages          = "S08004",
    doi            = "10.1088/1748-0221/3/08/S08004",
    primaryClass   = "hep-ex",
}
@article{Alves:2008zz,
    author = "Alves, A.Augusto, Jr. and others",
    collaboration = "LHCb",
    doi = "10.1088/1748-0221/3/08/S08005",
    journal = "JINST",
    pages = "S08005",
    title = "{The LHCb Detector at the LHC}",
    volume = "3",
    year = "2008"
}
@article{Aamodt:2008zz,
    author = "Aamodt, K. and others",
    collaboration = "ALICE",
    doi = "10.1088/1748-0221/3/08/S08002",
    journal = "JINST",
    pages = "S08002",
    title = "{The ALICE experiment at the CERN LHC}",
    volume = "3",
    year = "2008"
}
@unpublished{Pequenao:1096081,
      author        = "Joao Pequenao",
      title         = "{Event Cross Section in a computer generated image of the
                       ATLAS detector.}",
      month         = "Mar",
      year          = "2008",
      reportNumber  = "CERN-GE-0803022",
      url           = "https://cds.cern.ch/record/1096081",
}
@unpublished{Collaboration:2014666,
      author        = "ATLAS Collaboration",
      title         = "{ATLAS event at 900 GeV - 6 May 2015 - Run 264034 Evt
                       11475271}",
      month         = "May",
      year          = "2015",
      reportNumber  = "ATLAS-PHO-Event-2015-007",
      url           = "https://cds.cern.ch/record/2014666",
      note          = "General Photo",
}

@article{Aad:2010bx,
    author = "Aad, G. and others",
    archivePrefix = "arXiv",
    collaboration = "ATLAS",
    doi = "10.1140/epjc/s10052-010-1366-7",
    eprint = "1004.5293",
    journal = "Eur. Phys. J. C",
    pages = "787--821",
    primaryClass = "physics.ins-det",
    title = "{The ATLAS Inner Detector commissioning and calibration}",
    volume = "70",
    year = "2010"
}
@techreport{ATL-PHYS-PUB-2015-018,
      title         = "{Track Reconstruction Performance of the ATLAS Inner
                       Detector at $\sqrt{s}=13$~TeV}",
      institution   = "CERN",
      address       = "Geneva",
      number        = "ATL-PHYS-PUB-2015-018",
      month         = "Jul",
      year          = "2015",
      reportNumber  = "ATL-PHYS-PUB-2015-018",
      url           = "https://cds.cern.ch/record/2037683",
}
@article{Aaboud:2017all,
    author = "Aaboud, M. and others",
    archivePrefix = "arXiv",
    collaboration = "ATLAS",
    doi = "10.1140/epjc/s10052-017-5225-7",
    eprint = "1704.07983",
    journal = "Eur. Phys. J. C",
    number = "10",
    pages = "673",
    primaryClass = "hep-ex",
    reportNumber = "CERN-EP-2017-045",
    title = "{Performance of the ATLAS Track Reconstruction Algorithms in Dense Environments in LHC Run 2}",
    volume = "77",
    year = "2017"
}
@article{Fruhwirth:1987fm,
    author = "Fruhwirth, R.",
    doi = "10.1016/0168-9002(87)90887-4",
    journal = "Nucl. Instrum. Meth. A",
    pages = "444--450",
    reportNumber = "HEPHY-PUB-87-503",
    title = "{Application of Kalman filtering to track and vertex fitting}",
    volume = "262",
    year = "1987"
}
@article{Aad:2014yva,
    author = "Aad, Georges and others",
    archivePrefix = "arXiv",
    collaboration = "ATLAS",
    doi = "10.1088/1748-0221/9/09/P09009",
    eprint = "1406.7690",
    journal = "JINST",
    pages = "P09009",
    primaryClass = "hep-ex",
    reportNumber = "CERN-PH-EP-2014-120",
    title = "{A neural network clustering algorithm for the ATLAS silicon pixel detector}",
    volume = "9",
    year = "2014"
}


@techreport{Shochet:1552953,
      author        = "Shochet, M and Tompkins, L and Cavaliere, V and Giannetti,
                       P and Annovi, A and Volpi, G",
      title         = "{Fast TracKer (FTK) Technical Design Report}",
      number        = "CERN-LHCC-2013-007. ATLAS-TDR-021",
      month         = "Jun",
      year          = "2013",
      reportNumber  = "CERN-LHCC-2013-007",
      url           = "https://cds.cern.ch/record/1552953",
      note          = "ATLAS Fast Tracker Technical Design Report",
}
@techreport{ATLAS-CONF-2010-027,
      title         = "{Characterization of Interaction-Point Beam Parameters
                       Using the pp Event-Vertex Distribution Reconstructed in the
                       ATLAS Detector at the LHC}",
      institution   = "CERN",
      collaboration = "ATLAS Collaboration",
      address       = "Geneva",
      number        = "ATLAS-CONF-2010-027",
      month         = "May",
      year          = "2010",
      reportNumber  = "ATLAS-CONF-2010-027",
      url           = "http://cds.cern.ch/record/1277659",
}

@article{Aaboud:2016rmg,
    author = "Aaboud, Morad and others",
    archivePrefix = "arXiv",
    collaboration = "ATLAS",
    doi = "10.1140/epjc/s10052-017-4887-5",
    eprint = "1611.10235",
    journal = "Eur. Phys. J. C",
    number = "5",
    pages = "332",
    primaryClass = "physics.ins-det",
    reportNumber = "CERN-EP-2016-150",
    title = "{Reconstruction of primary vertices at the ATLAS experiment in Run 1 proton--proton collisions at the LHC}",
    volume = "77",
    year = "2017"
}
@techreport{ATL-PHYS-PUB-2015-026,
      title         = "{Vertex Reconstruction Performance of the ATLAS Detector at $\sqrt{s} = 13$ TeV}",
      institution   = "CERN",
      collaboration = "ATLAS",
      address       = "Geneva",
      number        = "ATL-PHYS-PUB-2015-026",
      month         = "Jul",
      year          = "2015",
      reportNumber  = "ATL-PHYS-PUB-2015-026",
      url           = "http://cds.cern.ch/record/2037717",
}
@article{Meloni:2016sag,
    author = "Meloni, Federico",
    collaboration = "ATLAS",
    doi = "10.1088/1748-0221/11/12/C12060",
    journal = "JINST",
    number = "12",
    pages = "C12060",
    title = "{Primary vertex reconstruction with the ATLAS detector}",
    volume = "11",
    year = "2016"
}

@article{hep-ph/0703247,
     author         = "Martin, Adam",
     title          = "{Higgs Cascade Decays to gamma gamma + jet jet at the
                       LHC}",
     year           = "2007",
     eprint         = "hep-ph/0703247",
     archivePrefix  = "arXiv",
     primaryClass   = "hep-ph",
     SLACcitation   = "%%CITATION = HEP-PH/0703247;%%"
}

@article{Curtin:2013fra,
      author         = "Curtin, David and others",
      title          = "{Exotic decays of the 125 GeV Higgs boson}",
      journal        = "Phys. Rev. D",
      volume         = "90",
      year           = "2014",
      number         = "7",
      pages          = "075004",
      doi            = "10.1103/PhysRevD.90.075004",
      eprint         = "1312.4992",
      archivePrefix  = "arXiv",
      primaryClass   = "hep-ph",
      reportNumber   = "YITP-13-47, PITT-PACC-1314",
      SLACcitation   = "%%CITATION = ARXIV:1312.4992;%%"
}

@article{Nason:2004rx,
      author         = "Nason, Paolo",
      title          = "{A New method for combining NLO QCD with shower Monte
                        Carlo algorithms}",
      journal        = "JHEP",
      volume         = "11",
      pages          = "040",
      doi            = "10.1088/1126-6708/2004/11/040",
      year           = "2004",
      eprint         = "hep-ph/0409146",
      archivePrefix  = "arXiv",
      primaryClass   = "hep-ph",
      reportNumber   = "BICOCCA-FT-04-11",
      SLACcitation   = "%%CITATION = HEP-PH/0409146;%%",
}

@Article{Frixione:2007vw,
     author    = "Frixione, Stefano and Nason, Paolo and Oleari, Carlo",
     title     = "{Matching NLO QCD computations with parton shower
                  simulations: the POWHEG method}",
     journal   = "JHEP",
     volume    = "11",
     year      = "2007",
     pages     = "070",
     eprint    = "0709.2092",
     archivePrefix = "arXiv",
     primaryClass   = "hep-ph",
     doi       = "10.1088/1126-6708/2007/11/070",
     SLACcitation  = "%%CITATION = 0709.2092;%%"
}

@article{Alioli:2010xd,
      author         = "Alioli, Simone and Nason, Paolo and Oleari, Carlo and Re,
                        Emanuele",
      title          = "{A general framework for implementing NLO calculations in
                        shower Monte Carlo programs: the POWHEG BOX}",
      journal        = "JHEP",
      volume         = "06",
      pages          = "043",
      doi            = "10.1007/JHEP06(2010)043",
      year           = "2010",
      eprint         = "1002.2581",
      archivePrefix  = "arXiv",
      primaryClass   = "hep-ph",
      reportNumber   = "DESY-10-018, SFB-CPP-10-22, IPPP-10-11, DCPT-10-22",
      SLACcitation   = "%%CITATION = ARXIV:1002.2581;%%",
}

@article{Sjostrand:2006za,
      author         = "Sj{\"o}strand, T and Mrenna, Stephen and Skands, Peter
                        Z.",
      title          = "{PYTHIA 6.4 Physics and Manual}",
      journal        = "JHEP",
      volume         = "05",
      year           = "2006",
      pages          = "026",
      doi            = "10.1088/1126-6708/2006/05/026",
      eprint         = "hep-ph/0603175",
      archivePrefix  = "arXiv",
      primaryClass   = "hep-ph",
      reportNumber   = "FERMILAB-PUB-06-052-CD-T, LU-TP-06-13",
      SLACcitation   = "%%CITATION = HEP-PH/0603175;%%"
}
@article{Sjostrand:2007gs,
      author         = "Sj{\"o}strand, Torbjorn and Mrenna, Stephen and Skands, Peter
                        Z.",
      title          = "{A brief introduction to PYTHIA 8.1}",
      journal        = "Comput. Phys. Commun.",
      volume         = "178",
      year           = "2008",
      pages          = "852-867",
      doi            = "10.1016/j.cpc.2008.01.036",
      eprint         = "0710.3820",
      archivePrefix  = "arXiv",
      primaryClass   = "hep-ph",
      reportNumber   = "CERN-LCGAPP-2007-04, LU-TP-07-28,
                        FERMILAB-PUB-07-512-CD-T",
      SLACcitation   = "%%CITATION = ARXIV:0710.3820;%%"
}
@article{Sjostrand:2014zea,
      author         = "Sjöstrand, Torbjörn and Ask, Stefan and Christiansen,
                        Jesper R. and Corke, Richard and Desai, Nishita and Ilten,
                        Philip and Mrenna, Stephen and Prestel, Stefan and
                        Rasmussen, Christine O. and Skands, Peter Z.",
      title          = "{An introduction to PYTHIA 8.2}",
      journal        = "Comput. Phys. Commun.",
      volume         = "191",
      year           = "2015",
      pages          = "159-177",
      doi            = "10.1016/j.cpc.2015.01.024",
      eprint         = "1410.3012",
      archivePrefix  = "arXiv",
      primaryClass   = "hep-ph",
      reportNumber   = "LU-TP-14-36, MCNET-14-22, CERN-PH-TH-2014-190,
                        FERMILAB-PUB-14-316-CD, DESY-14-178, SLAC-PUB-16122,
                        --FERMILAB-PUB-14-316-CD",
      SLACcitation   = "%%CITATION = ARXIV:1410.3012;%%"
}

@techreport{ATL-PHYS-PUB-2014-021,
      title         = "{ATLAS Pythia 8 tunes to 7 TeV datas}",
      institution   = "CERN",
      collaboration = "ATLAS",
      address       = "Geneva",
      number        = "ATL-PHYS-PUB-2014-021",
      month         = "Nov",
      year          = "2014",
      reportNumber  = "ATL-PHYS-PUB-2014-021",
      url           = "https://cds.cern.ch/record/1966419",
}

@article{Bahr:2008pv,
      author         = "Bahr, M. and others",
      title          = "{Herwig++ Physics and Manual}",
      journal        = "Eur. Phys. J.",
      volume         = "C58",
      year           = "2008",
      pages          = "639-707",
      doi            = "10.1140/epjc/s10052-008-0798-9",
      eprint         = "0803.0883",
      archivePrefix  = "arXiv",
      primaryClass   = "hep-ph",
      reportNumber   = "CERN-PH-TH-2008-038, CAVENDISH-HEP-08-03, KA-TP-05-2008,
                        DCPT-08-22, IPPP-08-11, CP3-08-05",
      SLACcitation   = "%%CITATION = ARXIV:0803.0883;%%"
}
@article{Bellm:2015jjp,
      author         = "Bellm, Johannes and others",
      title          = "{Herwig 7.0/Herwig++ 3.0 release note}",
      journal        = "Eur. Phys. J.",
      volume         = "C76",
      year           = "2016",
      number         = "4",
      pages          = "196",
      doi            = "10.1140/epjc/s10052-016-4018-8",
      eprint         = "1512.01178",
      archivePrefix  = "arXiv",
      primaryClass   = "hep-ph",
      reportNumber   = "CERN-PH-TH-2015-289, MAN-HEP-2015-15, IFJPAN-IV-2015-13,
                        KA-TP-18-2015, DCPT-15-142, MCNET-15-28, IPPP-15-71,
                        HERWIG-2015-01",
      SLACcitation   = "%%CITATION = ARXIV:1512.01178;%%"
}

@article{Lange:2001uf,
      author         = "Lange, D. J.",
      title          = "{The EvtGen particle decay simulation package}",
      booktitle      = "{Proceedings, 7th International Conference on B physics
                        at hadron machines (BEAUTY 2000): Maagan, Israel,
                        September 13-18, 2000}",
      journal        = "Nucl. Instrum. Meth.",
      volume         = "A462",
      year           = "2001",
      pages          = "152-155",
      doi            = "10.1016/S0168-9002(01)00089-4",
      SLACcitation   = "%%CITATION = NUIMA,A462,152;%%"
}

@techreport{ATL-PHYS-PUB-2014-008,
      title         = "{Comparison of Monte Carlo generator predictions for
                       bottom and charm hadrons in the decays of top quarks and
                       the fragmentation of high pT jets}",
      institution   = "CERN",
      collaboration = "ATLAS",
      address       = "Geneva",
      number        = "ATL-PHYS-PUB-2014-008",
      month         = "Jun",
      year          = "2014",
      reportNumber  = "ATL-PHYS-PUB-2014-008",
      url           = "https://cds.cern.ch/record/1709132",
}

@article{Lai:2010vv,
      author         = "Lai, Hung-Liang and Guzzi, Marco and Huston, Joey and Li,
                        Zhao and Nadolsky, Pavel M. and Pumplin, Jon and Yuan, C.
                        -P.",
      title          = "{New parton distributions for collider physics}",
      journal        = "Phys. Rev. D",
      volume         = "82",
      year           = "2010",
      pages          = "074024",
      doi            = "10.1103/PhysRevD.82.074024",
      eprint         = "1007.2241",
      archivePrefix  = "arXiv",
      primaryClass   = "hep-ph",
      reportNumber   = "MSUHEP-100707, SMU-HEP-10-10",
      SLACcitation   = "%%CITATION = ARXIV:1007.2241;%%"
}

@article{Agostinelli:2002hh,
      author         = "Agostinelli, S. and others",
      title          = "{GEANT4: a simulation toolkit}",
      collaboration  = "GEANT4",
      journal        = "Nucl. Instrum. Meth. A",
      volume         = "506",
      pages          = "250-303",
      doi            = "10.1016/S0168-9002(03)01368-8",
      year           = "2003",
      reportNumber   = "SLAC-PUB-9350, FERMILAB-PUB-03-339",
      SLACcitation   = "%%CITATION = NUIMA,A506,250;%%",
}

@article{Martin:2009iq,
      author         = "Martin, A. D. and Stirling, W. J. and Thorne, R. S. and
                        Watt, G.",
      title          = "{Parton distributions for the LHC}",
      journal        = "Eur. Phys. J. C",
      volume         = "63",
      year           = "2009",
      pages          = "189-285",
      doi            = "10.1140/epjc/s10052-009-1072-5",
      eprint         = "0901.0002",
      archivePrefix  = "arXiv",
      primaryClass   = "hep-ph",
      reportNumber   = "IPPP-08-95, DCPT-08-190, CAVENDISH-HEP-08-16",
      SLACcitation   = "%%CITATION = ARXIV:0901.0002;%%"
}

@article{Ball:2012cx,
      author         = "Ball, Richard D. and others",
      title          = "{Parton distributions with LHC data}",
      journal        = "Nucl. Phys.",
      volume         = "B867",
      year           = "2013",
      pages          = "244-289",
      doi            = "10.1016/j.nuclphysb.2012.10.003",
      eprint         = "1207.1303",
      archivePrefix  = "arXiv",
      primaryClass   = "hep-ph",
      reportNumber   = "EDINBURGH-2012-08, IFUM-FT-997, FR-PHENO-2012-014,
                        RWTH-TTK-12-25, CERN-PH-TH-2012-037, SFB-CPP-12-47",
      SLACcitation   = "%%CITATION = ARXIV:1207.1303;%%"
}

@phdthesis{Soyez:2018opl,
    author = "Soyez, Grégory",
    title = "{Pileup mitigation at the LHC: A theorist's view}",
    eprint = "1801.09721",
    archivePrefix = "arXiv",
    primaryClass = "hep-ph",
    doi = "10.1016/j.physrep.2019.01.007",
    school = "IPhT, Saclay",
    year = "2018"
}

@article{Cacciari:2007fd,
      author         = "Cacciari, Matteo and Salam, Gavin P.",
      title          = "{Pileup subtraction using jet areas}",
      journal        = "Phys. Lett.",
      volume         = "B659",
      year           = "2008",
      pages          = "119-126",
      doi            = "10.1016/j.physletb.2007.09.077",
      eprint         = "0707.1378",
      archivePrefix  = "arXiv",
      primaryClass   = "hep-ph",
      reportNumber   = "LPTHE-07-01",
      SLACcitation   = "%%CITATION = ARXIV:0707.1378;%%"
}

@article{Ellis:1993tq,
      author         = "Ellis, Stephen D. and Soper, Davison E.",
      title          = "{Successive combination jet algorithm for hadron
                        collisions}",
      journal        = "Phys. Rev.",
      volume         = "D48",
      year           = "1993",
      pages          = "3160-3166",
      doi            = "10.1103/PhysRevD.48.3160",
      eprint         = "hep-ph/9305266",
      archivePrefix  = "arXiv",
      primaryClass   = "hep-ph",
      reportNumber   = "CERN-TH-6860-93",
      SLACcitation   = "%%CITATION = HEP-PH/9305266;%%"
}

@article{Dokshitzer:1997in,
      author         = "Dokshitzer, Yuri L. and Leder, G. D. and Moretti, S. and
                        Webber, B. R.",
      title          = "{Better jet clustering algorithms}",
      journal        = "JHEP",
      volume         = "08",
      year           = "1997",
      pages          = "001",
      doi            = "10.1088/1126-6708/1997/08/001",
      eprint         = "hep-ph/9707323",
      archivePrefix  = "arXiv",
      primaryClass   = "hep-ph",
      reportNumber   = "CAVENDISH-HEP-97-06",
      SLACcitation   = "%%CITATION = HEP-PH/9707323;%%"
}

@article{Cacciari:2008gp,
      author         = "Cacciari, Matteo and Salam, Gavin P. and Soyez, Gregory",
      title          = "{The anti-$k_{t}$ jet clustering algorithm}",
      journal        = "JHEP",
      volume         = "04",
      year           = "2008",
      pages          = "063",
      doi            = "10.1088/1126-6708/2008/04/063",
      eprint         = "0802.1189",
      archivePrefix  = "arXiv",
      primaryClass   = "hep-ph",
      reportNumber   = "LPTHE-07-03",
      SLACcitation   = "%%CITATION = ARXIV:0802.1189;%%"
}

@Booklet{deFlorian:2016spz,
      author         = "de Florian, D. and others",
      title          = "{Handbook of LHC Higgs Cross Sections: 4. Deciphering the
                        Nature of the Higgs Sector}",
      collaboration  = "LHC Higgs Cross Section Working Group",
      doi            = "10.23731/CYRM-2017-002",
      year           = "2016",
      eprint         = "1610.07922",
      archivePrefix  = "arXiv",
      primaryClass   = "hep-ph",
      reportNumber   = "FERMILAB-FN-1025-T, CERN-2017-002-M",
      SLACcitation   = "%%CITATION = ARXIV:1610.07922;%%"
}

@article{Cowan:2010js,
      author         = "Cowan, Glen and Cranmer, Kyle and Gross, Eilam and
                        Vitells, Ofer",
      title          = "{Asymptotic formulae for likelihood-based tests of new
                        physics}",
      journal        = "Eur. Phys. J.",
      volume         = "C71",
      year           = "2011",
      pages          = "1554",
      doi            = "10.1140/epjc/s10052-011-1554-0,
                        10.1140/epjc/s10052-013-2501-z",
      note           = "[Erratum: Eur. Phys. J.C73,2501(2013)]",
      eprint         = "1007.1727",
      archivePrefix  = "arXiv",
      primaryClass   = "physics.data-an",
      SLACcitation   = "%%CITATION = ARXIV:1007.1727;%%"
}
@article{Aaboud:2018djx,
      author         = "ATLAS Collaboration",
      title          = "{A search for pairs of highly collimated photon-jets in
                        $pp$ collisions at $\sqrt{s}$ = 13 TeV with the ATLAS
                        detector}",
      collaboration  = "ATLAS",
      journal        = "Phys. Rev.",
      volume         = "D99",
      year           = "2019",
      number         = "1",
      pages          = "012008",
      doi            = "10.1103/PhysRevD.99.012008",
      eprint         = "1808.10515",
      archivePrefix  = "arXiv",
      primaryClass   = "hep-ex",
      reportNumber   = "CERN-EP-2018-143",
      SLACcitation   = "%%CITATION = ARXIV:1808.10515;%%"
}

@article{Read:2002hq,
     author         = "Read, Alexander L.",
     title          = "{Presentation of search results: The $CL_s$ technique}",
     booktitle      = "{Advanced Statistical Techniques in Particle Physics.
                       Proceedings, Conference, Durham, UK, March 18-22, 2002}",
     journal        = "J. Phys. G",
     volume         = "28",
     year           = "2002",
     pages          = "2693-2704",
     doi            = "10.1088/0954-3899/28/10/313",
     SLACcitation   = "%%CITATION = JPAGA,G28,2693;%%"
}

@Article{SOFT-2010-01,
    author         = "{ATLAS Collaboration}",
    title          = "{The ATLAS Simulation Infrastructure}",
    journal        = "Eur. Phys. J. C",
    volume         = "70",
    year           = "2010",
    pages          = "823",
    doi            = "10.1140/epjc/s10052-010-1429-9",
    eprint         = "1005.4568",
    archivePrefix  = "arXiv",
    primaryClass   = "physics.ins-det",
}


@article{Abazov:2009yi,
      author         = "{D0 Collaboration}",
      title          = "{Search for NMSSM Higgs bosons in the h ---> aa ---> $\mu\mu\mu\mu$, 
                         $\mu\mu\tau\tau$ channels using p anti-p collisions at $\sqrt{s} = 1.96$ TeV}",
      collaboration  = "D0",
      journal        = "Phys. Rev. Lett.",
      volume         = "103",
      year           = "2009",
      pages          = "061801",
      doi            = "10.1103/PhysRevLett.103.061801",
      eprint         = "0905.3381",
      archivePrefix  = "arXiv",
      primaryClass   = "hep-ex",
      reportNumber   = "FERMILAB-PUB-09-257-E",
      SLACcitation   = "%%CITATION = ARXIV:0905.3381;%%"
}

@article{Cacciari:2011ma,
      author     ="Cacciari, Matteo and Salam, Gavin P. and Soyez, Gregory",
      title      ="{FastJet User Manual}",
      journal    ="Eur. Phys. J. C",
      volume     ="72",
      year       ="2012",
      pages      ="1896",
      doi        ="10.1140/epjc/s10052-012-1896-2",
      eprint     ="1111.6097",
      archivePrefix ="arXiv",
      primaryClass ="hep-ph",
      reportNumber ="CERN-PH-TH-2011-297"
}

@Booklet{Heinemeyer:2013tqa,
      author         = "Andersen, J R and others",
      editor         = "Heinemeyer, S and Mariotti, C and Passarino, G and
                        Tanaka, R",
      title          = "{Handbook of LHC Higgs Cross Sections: 3. Higgs
                        Properties}",
      collaboration  = "LHC Higgs Cross Section Working Group",
      doi            = "10.5170/CERN-2013-004",
      year           = "2013",
      eprint         = "1307.1347",
      archivePrefix  = "arXiv",
      primaryClass   = "hep-ph",
      reportNumber   = "CERN-2013-004, FERMILAB-CONF-13-667-T",
      SLACcitation   = "%%CITATION = ARXIV:1307.1347;%%"
}

@article{Cukierman:2016dkb,
      author         = "Cukierman, Aviv and Nachman, Benjamin",
      title          = "{Mathematical Properties of Numerical Inversion for Jet
                        Calibrations}",
      journal        = "Nucl. Instrum. Meth.",
      volume         = "A858",
      year           = "2017",
      pages          = "1-11",
      doi            = "10.1016/j.nima.2017.03.038",
      eprint         = "1609.05195",
      archivePrefix  = "arXiv",
      primaryClass   = "physics.data-an",
      SLACcitation   = "%%CITATION = ARXIV:1609.05195;%%"
}

@techreport{ATL-PHYS-PUB-2018-013,
      title         = "{Generalized Numerical Inversion: A Neural Network
                       Approach to Jet Calibration}",
      institution   = "CERN",
      collaboration = "ATLAS",
      address       = "Geneva",
      number        = "ATL-PHYS-PUB-2018-013",
      month         = "Jul",
      year          = "2018",
      reportNumber  = "ATL-PHYS-PUB-2018-013",
      url           = "https://cds.cern.ch/record/2630972",
}

@techreport{ATL-PHYS-PUB-2020-001,
      title         = "{Simultaneous Jet Energy and Mass Calibrations with Neural
                       Networks}",
      institution   = "CERN",
      collaboration = "ATLAS",
      address       = "Geneva",
      number        = "ATL-PHYS-PUB-2020-001",
      month         = "Jan",
      year          = "2020",
      reportNumber  = "ATL-PHYS-PUB-2020-001",
      url           = "https://cds.cern.ch/record/2706189",
}

@article{Cheong:2019upg,
      author         = "Cheong, Sanha and Cukierman, Aviv and Nachman, Benjamin
                        and Safdari, Murtaza and Schwartzman, Ariel",
      title          = "{Parametrizing the Detector Response with Neural
                        Networks}",
      journal        = "JINST",
      volume         = "15",
      year           = "2020",
      number         = "01",
      pages          = "P01030",
      doi            = "10.1088/1748-0221/15/01/P01030",
      eprint         = "1910.03773",
      archivePrefix  = "arXiv",
      primaryClass   = "physics.data-an",
      SLACcitation   = "%%CITATION = ARXIV:1910.03773;%%"
}

@article{Trimble:1987ee,
      author         = "Trimble, Virginia",
      title          = "{Existence and Nature of Dark Matter in the Universe}",
      journal        = "Ann. Rev. Astron. Astrophys.",
      volume         = "25",
      year           = "1987",
      pages          = "425-472",
      doi            = "10.1146/annurev.aa.25.090187.002233",
      SLACcitation   = "%%CITATION = ARAAA,25,425;%%"
}

@article{Nilles:1982dy,
      author         = "Nilles, Hans Peter and Srednicki, M. and Wyler, D.",
      title          = "{Weak Interaction Breakdown Induced by Supergravity}",
      journal        = "Phys. Lett.",
      volume         = "120B",
      year           = "1983",
      pages          = "346",
      doi            = "10.1016/0370-2693(83)90460-4",
      reportNumber   = "CERN-TH-3432",
      SLACcitation   = "%%CITATION = PHLTA,120B,346;%%"
}

@article{Dittmaier:2011ti,
      author         = "Dittmaier, S. and others",
      title          = "{Handbook of LHC Higgs Cross Sections: 1. Inclusive
                        Observables}",
      collaboration  = "LHC Higgs Cross Section Working Group",
      doi            = "10.5170/CERN-2011-002",
      year           = "2011",
      eprint         = "1101.0593",
      archivePrefix  = "arXiv",
      primaryClass   = "hep-ph",
      reportNumber   = "CERN-2011-002",
      SLACcitation   = "%%CITATION = ARXIV:1101.0593;%%"
}

@article{Aad:2015bua,
      author         = "{ATLAS Collaboration}",
      title          = "{Search for new phenomena in events with at least three
                        photons collected in $pp$ collisions at $\sqrt{s}$ = 8 TeV
                        with the ATLAS detector}",
      collaboration  = "ATLAS",
      journal        = "Eur. Phys. J.",
      volume         = "C76",
      year           = "2016",
      number         = "4",
      pages          = "210",
      doi            = "10.1140/epjc/s10052-016-4034-8",
      eprint         = "1509.05051",
      archivePrefix  = "arXiv",
      primaryClass   = "hep-ex",
      reportNumber   = "CERN-PH-EP-2015-187",
      SLACcitation   = "%%CITATION = ARXIV:1509.05051;%%"
}

@article{Cacciari:2008gn,
      author         = "Cacciari, Matteo and Salam, Gavin P. and Soyez, Gregory",
      title          = "{The Catchment Area of Jets}",
      journal        = "JHEP",
      volume         = "04",
      year           = "2008",
      pages          = "005",
      doi            = "10.1088/1126-6708/2008/04/005",
      eprint         = "0802.1188",
      archivePrefix  = "arXiv",
      primaryClass   = "hep-ph",
      reportNumber   = "LPTHE-07-02",
      SLACcitation   = "%%CITATION = ARXIV:0802.1188;%%"
}

@article{Aad:2013gja,
      author         = "Aad, Georges and others",
      title          = "{Performance of jet substructure techniques for large-$R$
                        jets in proton-proton collisions at $\sqrt{s}$ = 7 TeV
                        using the ATLAS detector}",
      collaboration  = "ATLAS",
      journal        = "JHEP",
      volume         = "09",
      year           = "2013",
      pages          = "076",
      doi            = "10.1007/JHEP09(2013)076",
      eprint         = "1306.4945",
      archivePrefix  = "arXiv",
      primaryClass   = "hep-ex",
      reportNumber   = "CERN-PH-EP-2013-069",
      SLACcitation   = "%%CITATION = ARXIV:1306.4945;%%"
}

@article{Cacciari:2005hq,
      author         = "Cacciari, Matteo and Salam, Gavin P.",
      title          = "{Dispelling the $N^{3}$ myth for the $k_t$ jet-finder}",
      journal        = "Phys. Lett. B",
      volume         = "641",
      year           = "2006",
      pages          = "57-61",
      doi            = "10.1016/j.physletb.2006.08.037",
      eprint         = "hep-ph/0512210",
      archivePrefix  = "arXiv",
      primaryClass   = "hep-ph",
      reportNumber   = "LPTHE-05-32",
      SLACcitation   = "%%CITATION = HEP-PH/0512210;%%"
}

@misc{JESwiki,
        title        = "JES calibration in rel20.7",
        howpublished = "\url{https://twiki.cern.ch/twiki/bin/view/AtlasProtected/ApplyJetCalibration2016}",
        month        = "Nov",
        year         = "2016",
}
@misc{JVTwiki,
        title        = "JVT calibration in rel20.7",
        howpublished = "\url{https://twiki.cern.ch/twiki/bin/view/AtlasProtected/JVTCalibration}",
        month        = "Nov",
        year         = "2016",
}

@techreport{ATLAS-CONF-2012-079,
      title         = "{Search for a Higgs boson decaying to four photons through light CP-odd scalar coupling using 4.9fb$^{-1}$ of 7 TeV $pp$ collision data taken with ATLAS detector at the LHC}",
      institution   = "CERN",
      collaboration = "ATLAS",
      address       = "Geneva",
      number        = "ATLAS-CONF-2012-079",
      month         = "Jul",
      year          = "2012",
      reportNumber  = "ATLAS-CONF-2012-079",
      url           = "https://cds.cern.ch/record/1460391",
}

@techreport{ATLAS-CONF-2015-029,
      title         = "{Selection of jets produced in 13TeV proton-proton
                       collisions with the ATLAS detector}",
      institution   = "CERN",
      collaboration = "ATLAS",
      address       = "Geneva",
      number        = "ATLAS-CONF-2015-029",
      month         = "Jul",
      year          = "2015",
      reportNumber  = "ATLAS-CONF-2015-029",
      url           = "https://cds.cern.ch/record/2037702",
}

@article{Englert:1964et,
        Author = {Englert, F. and Brout, R.},
        Doi = {10.1103/PhysRevLett.13.321},
        Journal = {Phys.Rev.Lett.},
        Pages = {321-323},
        Slaccitation = {%%CITATION = PRLTA,13,321;%%},
        Title = {{Broken Symmetry and the Mass of Gauge Vector Mesons}},
        Volume = {13},
        Year = {1964},
        Bdsk-Url-1 = {http://dx.doi.org/10.1103/PhysRevLett.13.321}
}

@article{Higgs:1964pj,
        Author = {Higgs, Peter W.},
        Doi = {10.1103/PhysRevLett.13.508},
        Journal = {Phys.Rev.Lett.},
        Pages = {508-509},
        Slaccitation = {%%CITATION = PRLTA,13,508;%%},
        Title = {{Broken Symmetries and the Masses of Gauge Bosons}},
        Volume = {13},
        Year = {1964},
        Bdsk-Url-1 = {http://dx.doi.org/10.1103/PhysRevLett.13.508}
}

@article{Higgs:1964ia,
        Author = {Higgs, Peter W.},
        Doi = {10.1016/0031-9163(64)91136-9},
        Journal = {Phys.Lett.},
        Pages = {132-133},
        Slaccitation = {%%CITATION = PHLTA,12,132;%%},
        Title = {{Broken symmetries, massless particles and gauge fields}},
        Volume = {12},
        Year = {1964},
        Bdsk-Url-1 = {http://dx.doi.org/10.1016/0031-9163(64)91136-9}
}

@article{Guralnik:1964eu,
        Author = {Guralnik, G.S. and Hagen, C.R. and Kibble, T.W.B.},
        Doi = {10.1103/PhysRevLett.13.585},
        Journal = {Phys.Rev.Lett.},
        Pages = {585-587},
        Slaccitation = {%%CITATION = PRLTA,13,585;%%},
        Title = {{Global Conservation Laws and Massless Particles}},
        Volume = {13},
        Year = {1964},
        Bdsk-Url-1 = {http://dx.doi.org/10.1103/PhysRevLett.13.585}
}

@article{Khachatryan:2016vau,
      author         = "{ATLAS Collaboration, CMS Collaboration}",
      title          = "{Measurements of the Higgs boson production and decay
                        rates and constraints on its couplings from a combined
                        ATLAS and CMS analysis of the LHC pp collision data at $
                        \sqrt{s}=7 $ and 8 TeV}",
      collaboration  = "ATLAS, CMS",
      journal        = "JHEP",
      volume         = "08",
      year           = "2016",
      pages          = "045",
      doi            = "10.1007/JHEP08(2016)045",
      eprint         = "1606.02266",
      archivePrefix  = "arXiv",
      primaryClass   = "hep-ex",
      reportNumber   = "CERN-EP-2016-100, ATLAS-HIGG-2015-07, CMS-HIG-15-002",
      SLACcitation   = "%%CITATION = ARXIV:1606.02266;%%"
}

@article{Dobrescu:2000yn,
      author         = "Dobrescu, Bogdan A. and Matchev, Konstantin T.",
      title          = "{Light axion within the next-to-minimal supersymmetric
                        standard model}",
      journal        = "JHEP",
      volume         = "09",
      year           = "2000",
      pages          = "031",
      doi            = "10.1088/1126-6708/2000/09/031",
      eprint         = "hep-ph/0008192",
      archivePrefix  = "arXiv",
      primaryClass   = "hep-ph",
      reportNumber   = "FERMILAB-PUB-00-134-T",
      SLACcitation   = "%%CITATION = HEP-PH/0008192;%%"
}

@article{Ellwanger:2003jt,
      author         = "Ellwanger, Ulrich and Gunion, John F. and Hugonie, Cyril
                        and Moretti, Stefano",
      title          = "{Towards a no lose theorem for NMSSM Higgs discovery at
                        the LHC}",
      year           = "2003",
      eprint         = "hep-ph/0305109",
      archivePrefix  = "arXiv",
      primaryClass   = "hep-ph",
      reportNumber   = "UCD-03-4, IFIC-03-19, LPT-03-35, SHEP-03-08",
      SLACcitation   = "%%CITATION = HEP-PH/0305109;%%"
}

@article{Dermisek:2005ar,
      author         = "Dermisek, Radovan and Gunion, John F.",
      title          = "{Escaping the large fine tuning and little hierarchy
                        problems in the next to minimal supersymmetric model and h
                        ---> aa decays}",
      journal        = "Phys. Rev. Lett.",
      volume         = "95",
      year           = "2005",
      pages          = "041801",
      doi            = "10.1103/PhysRevLett.95.041801",
      eprint         = "hep-ph/0502105",
      archivePrefix  = "arXiv",
      primaryClass   = "hep-ph",
      SLACcitation   = "%%CITATION = HEP-PH/0502105;%%"
}

@article{Chang:2008cw,
      author         = "Chang, Spencer and Dermisek, Radovan and Gunion, John F.
                        and Weiner, Neal",
      title          = "{Nonstandard Higgs Boson Decays}",
      journal        = "Ann. Rev. Nucl. Part. Sci.",
      volume         = "58",
      year           = "2008",
      pages          = "75-98",
      doi            = "10.1146/annurev.nucl.58.110707.171200",
      eprint         = "0801.4554",
      archivePrefix  = "arXiv",
      primaryClass   = "hep-ph",
      SLACcitation   = "%%CITATION = ARXIV:0801.4554;%%"
}

@article{Morrissey:2008gm,
      author         = "Morrissey, David E. and Pierce, Aaron",
      title          = "{Modified Higgs Boson Phenomenology from Gauge or Gaugino
                        Mediation in the NMSSM}",
      journal        = "Phys. Rev.",
      volume         = "D78",
      year           = "2008",
      pages          = "075029",
      doi            = "10.1103/PhysRevD.78.075029",
      eprint         = "0807.2259",
      archivePrefix  = "arXiv",
      primaryClass   = "hep-ph",
      reportNumber   = "MCTP-08-55",
      SLACcitation   = "%%CITATION = ARXIV:0807.2259;%%"
}

@article{SILVEIRA1985136,
      title = "Scalar Phantoms",
      journal = "Physics Letters B",
      volume = "161",
      number = "1",
      pages = "136 - 140",
      year = "1985",
      note = "",
      issn = "0370-2693",
      doi = "http://dx.doi.org/10.1016/0370-2693(85)90624-0",
      url = "http://www.sciencedirect.com/science/article/pii/0370269385906240",
      author = "Vanda Silveira and A. Zee",
}

@article{Pospelov:2007mp,
      author         = "Pospelov, Maxim and Ritz, Adam and Voloshin, Mikhail B.",
      title          = "{Secluded WIMP Dark Matter}",
      journal        = "Phys. Lett.",
      volume         = "B662",
      year           = "2008",
      pages          = "53-61",
      doi            = "10.1016/j.physletb.2008.02.052",
      eprint         = "0711.4866",
      archivePrefix  = "arXiv",
      primaryClass   = "hep-ph",
      SLACcitation   = "%%CITATION = ARXIV:0711.4866;%%"
}

@article{Draper:2010ew,
      author         = "Draper, Patrick and Liu, Tao and Wagner, Carlos E. M. and
                        Wang, Lian-Tao and Zhang, Hao",
      title          = "{Dark Light Higgs}",
      journal        = "Phys. Rev. Lett.",
      volume         = "106",
      year           = "2011",
      pages          = "121805",
      doi            = "10.1103/PhysRevLett.106.121805",
      eprint         = "1009.3963",
      archivePrefix  = "arXiv",
      primaryClass   = "hep-ph",
      reportNumber   = "ANL-HEP-PR-10-48, EFI-10-22",
      SLACcitation   = "%%CITATION = ARXIV:1009.3963;%%"
}

@article{Ipek:2014gua,
      author         = "Ipek, Seyda and McKeen, David and Nelson, Ann E.",
      title          = "{A Renormalizable Model for the Galactic Center Gamma Ray
                        Excess from Dark Matter Annihilation}",
      journal        = "Phys. Rev.",
      volume         = "D90",
      year           = "2014",
      number         = "5",
      pages          = "055021",
      doi            = "10.1103/PhysRevD.90.055021",
      eprint         = "1404.3716",
      archivePrefix  = "arXiv",
      primaryClass   = "hep-ph",
      SLACcitation   = "%%CITATION = ARXIV:1404.3716;%%"
}

@article{Martin:2014sxa,
      author         = "Martin, Adam and Shelton, Jessie and Unwin, James",
      title          = "{Fitting the Galactic Center Gamma-Ray Excess with
                        Cascade Annihilations}",
      journal        = "Phys. Rev.",
      volume         = "D90",
      year           = "2014",
      number         = "10",
      pages          = "103513",
      doi            = "10.1103/PhysRevD.90.103513",
      eprint         = "1405.0272",
      archivePrefix  = "arXiv",
      primaryClass   = "hep-ph",
      SLACcitation   = "%%CITATION = ARXIV:1405.0272;%%"
}

@article{Profumo:2007wc,
      author         = "Profumo, Stefano and Ramsey-Musolf, Michael J. and
                        Shaughnessy, Gabe",
      title          = "{Singlet Higgs phenomenology and the electroweak phase
                        transition}",
      journal        = "JHEP",
      volume         = "08",
      year           = "2007",
      pages          = "010",
      doi            = "10.1088/1126-6708/2007/08/010",
      eprint         = "0705.2425",
      archivePrefix  = "arXiv",
      primaryClass   = "hep-ph",
      reportNumber   = "CALTECH-MAP-333, MADPH-07-1489",
      SLACcitation   = "%%CITATION = ARXIV:0705.2425;%%"
}

@article{Blinov:2015sna,
      author         = "Blinov, Nikita and Kozaczuk, Jonathan and Morrissey,
                        David E. and Tamarit, Carlos",
      title          = "{Electroweak Baryogenesis from Exotic Electroweak
                        Symmetry Breaking}",
      journal        = "Phys. Rev.",
      volume         = "D92",
      year           = "2015",
      number         = "3",
      pages          = "035012",
      doi            = "10.1103/PhysRevD.92.035012",
      eprint         = "1504.05195",
      archivePrefix  = "arXiv",
      primaryClass   = "hep-ph",
      reportNumber   = "IPPP-15-23, DCPT-15-46",
      SLACcitation   = "%%CITATION = ARXIV:1504.05195;%%"
}

@article{Burdman:2006tz,
      author         = "Burdman, Gustavo and Chacko, Z. and Goh, Hock-Seng and
                        Harnik, Roni",
      title          = "{Folded supersymmetry and the LEP paradox}",
      journal        = "JHEP",
      volume         = "02",
      year           = "2007",
      pages          = "009",
      doi            = "10.1088/1126-6708/2007/02/009",
      eprint         = "hep-ph/0609152",
      archivePrefix  = "arXiv",
      primaryClass   = "hep-ph",
      reportNumber   = "SLAC-PUB-12115",
      SLACcitation   = "%%CITATION = HEP-PH/0609152;%%"
}

@article{Craig:2015pha,
      author         = "Craig, Nathaniel and Katz, Andrey and Strassler, Matt and
                        Sundrum, Raman",
      title          = "{Naturalness in the Dark at the LHC}",
      journal        = "JHEP",
      volume         = "07",
      year           = "2015",
      pages          = "105",
      doi            = "10.1007/JHEP07(2015)105",
      eprint         = "1501.05310",
      archivePrefix  = "arXiv",
      primaryClass   = "hep-ph",
      reportNumber   = "UMD-PP-014-028, CERN-PH-TH-2014-263",
      SLACcitation   = "%%CITATION = ARXIV:1501.05310;%%"
}

@article{Curtin:2015fna,
      author         = "Curtin, David and Verhaaren, Christopher B.",
      title          = "{Discovering Uncolored Naturalness in Exotic Higgs
                        Decays}",
      journal        = "JHEP",
      volume         = "12",
      year           = "2015",
      pages          = "072",
      doi            = "10.1007/JHEP12(2015)072",
      eprint         = "1506.06141",
      archivePrefix  = "arXiv",
      primaryClass   = "hep-ph",
      SLACcitation   = "%%CITATION = ARXIV:1506.06141;%%"
}

@article{Khachatryan:2017mnf,
      author         = "{CMS Collaboration}",
      title          = "{Search for light bosons in decays of the 125 GeV Higgs
                        boson in proton-proton collisions at $\sqrt{s}$ = 8 TeV}",
      collaboration  = "CMS",
      year           = "2017",
      eprint         = "1701.02032",
      archivePrefix  = "arXiv",
      primaryClass   = "hep-ex",
      reportNumber   = "CMS-HIG-16-015, CERN-EP-2016-292",
      SLACcitation   = "%%CITATION = ARXIV:1701.02032;%%"
}

@article{Aad:2015sva,
      author         = "{ATLAS Collaboration}",
      title          = "{Search for new light gauge bosons in Higgs boson decays
                        to four-lepton final states in $pp$ collisions at
                        $\sqrt{s}=8$ TeV with the ATLAS detector at the LHC}",
      collaboration  = "ATLAS",
      journal        = "Phys. Rev.",
      volume         = "D92",
      year           = "2015",
      number         = "9",
      pages          = "092001",
      doi            = "10.1103/PhysRevD.92.092001",
      eprint         = "1505.07645",
      archivePrefix  = "arXiv",
      primaryClass   = "hep-ex",
      reportNumber   = "CERN-PH-EP-2015-111",
      SLACcitation   = "%%CITATION = ARXIV:1505.07645;%%"
}

@article{Aaboud:2018gmx,
      author         = "Aaboud, Morad and others",
      title          = "{Search for Higgs boson decays into pairs of light
                        (pseudo)scalar particles in the $\gamma\gamma jj$ final
                        state in $pp$ collisions at $\sqrt{s}=13$ TeV with the
                        ATLAS detector}",
      collaboration  = "ATLAS",
      journal        = "Phys. Lett.",
      volume         = "B782",
      year           = "2018",
      pages          = "750-767",
      doi            = "10.1016/j.physletb.2018.06.011",
      eprint         = "1803.11145",
      archivePrefix  = "arXiv",
      primaryClass   = "hep-ex",
      reportNumber   = "CERN-EP-2017-295",
      SLACcitation   = "%%CITATION = ARXIV:1803.11145;%%"
}

@article{Aad:2015oqa,
      author         = "{ATLAS Collaboration}",
      title          = "{Search for Higgs bosons decaying to $aa$ in the
                        $\mu\mu\tau\tau$ final state in $pp$ collisions at
                        $\sqrt{s} = $ 8 TeV with the ATLAS experiment}",
      booktitle      = "{Proceedings, Meeting of the APS Division of Particles
                        and Fields (DPF 2015): Ann Arbor, Michigan, USA, 4-8 Aug
                        2015}",
      collaboration  = "ATLAS",
      journal        = "Phys. Rev.",
      volume         = "D92",
      year           = "2015",
      number         = "5",
      pages          = "052002",
      doi            = "10.1103/PhysRevD.92.052002",
      eprint         = "1505.01609",
      archivePrefix  = "arXiv",
      primaryClass   = "hep-ex",
      reportNumber   = "CERN-PH-EP-2015-057",
      SLACcitation   = "%%CITATION = ARXIV:1505.01609;%%"
}

@Misc{TWiki_JetUncertainties,
  title = "{Jet Uncertainties 2015-16}",
  howpublished = "\url{https://twiki.cern.ch/twiki/bin/view/AtlasProtected/JetUncertainties2015ICHEP2016}"
}
@Misc{TWiki_JetUncertainties_2019,
  title = "{Jet Uncertainties 2019}",
  howpublished = "\url{https://twiki.cern.ch/twiki/bin/view/AtlasProtected/JetUncertaintiesRel21Summer2019LargeR}"
}
@Misc{TWiki_LuminosityUncertainty,
  title = "{Luminosity for Physics}",
  howpublished = "\url{https://twiki.cern.ch/twiki/bin/viewauth/Atlas/LuminosityForPhysics#2018_13_TeV_proton_proton_Morion}"
}

@Misc{jeruncertaintyprovider,
 title = "{Jet Energy Resolution Provider tool}",
 howpublished = "\url{https://twiki.cern.ch/twiki/bin/view/AtlasProtected/JetResolution2015Prerecom}"
}

@Misc{isolationwp,
 title = "{Official Isolation Working Points}",
 howpublished = "\url{https://twiki.cern.ch/twiki/bin/view/AtlasProtected/IsolationSelectionTool}"
}

@Misc{lhc-commissioning,
 title = "{LHC Commissioning - Longer Term LHC Schedule}",
 howpublished = "\url{http://lhc-commissioning.web.cern.ch/lhc-commissioning/schedule/LHC-long-term.htm}"
}
@Misc{lhc-commissioning-run3,
 title = "{First report to the LMC on Run III machine configurations (p-p runs)}",
 howpublished = "\url{https://lhc-commissioning.web.cern.ch/2020/LCR3report_2019_1.pdf}"
}

@Misc{computingandsoftware,
 title = "{Computing and Software - Public Results}",
 howpublished = "\url{https://twiki.cern.ch/twiki/bin/view/AtlasPublic/ComputingandSoftwarePublicResults}"
}
@Misc{luminositypublic_run1,
 title = "{Luminosity Public Results}",
 howpublished = "\url{https://twiki.cern.ch/twiki/bin/view/AtlasPublic/LuminosityPublicResults}"
}
@Misc{luminositypublic,
 title = "{Luminosity Public Results Run 2}",
 howpublished = "\url{https://twiki.cern.ch/twiki/bin/view/AtlasPublic/LuminosityPublicResultsRun2}"
}
@Misc{triggerpublic,
 title = "{Trigger Operation Public Results}",
 howpublished = "\url{https://twiki.cern.ch/twiki/bin/view/AtlasPublic/TriggerOperationPublicResults}"
}

@Misc{hepix,
 title = "{HEPiX Benchmarking Working Group}",
 howpublished = "\url{https://w3.hepix.org/benchmarking.html}"
}


@techreport{ATLAS-CONF-2017-065,
      title         = "{Constituent-level pile-up mitigation techniques in
                       ATLAS}",
      institution   = "CERN",
      collaboration = "ATLAS",
      address       = "Geneva",
      number        = "ATLAS-CONF-2017-065",
      month         = "Aug",
      year          = "2017",
      reportNumber  = "ATLAS-CONF-2017-065",
      url           = "https://cds.cern.ch/record/2281055",
}
@article{LejeuneDirichlet1850,
  author = {Lejeune Dirichlet, G.},
  journal = {Journal f{\"u}r die reine und angewandte Mathematik},
  language = {ger},
  pages = {209-227},
  title = {{\"U}ber die Reduction der positiven quadratischen Formen mit drei unbestimmten ganzen Zahlen},
  url = {http://eudml.org/doc/147457},
  volume = {40},
  year = {1850},
}
@article{Voronoi1908,
  author = {Voronoi, Georges},
  journal = {Journal f{\"u}r die reine und angewandte Mathematik},
  pages = {97-178},
  title = {Nouvelles applications des param{\`e}tres continus {\`a} la th{\'e}orie des formes quadratiques. Premier m{\'e}moire. Sur quelques propri{\'e}t{\'e}s des formes quadratiques positives parfaites},
  url = {http://eudml.org/doc/149276},
  volume = {133},
  year = {1908},
}
@inproceedings{10.1145/10515.10549,
  author = {Fortune, S},
  title = {A Sweepline Algorithm for Voronoi Diagrams},
  year = {1986},
  isbn = {0897911946},
  publisher = {Association for Computing Machinery},
  address = {New York, NY, USA},
  url = {https://doi.org/10.1145/10515.10549},
  doi = {10.1145/10515.10549},
  booktitle = {Proceedings of the Second Annual Symposium on Computational Geometry},
  pages = {313–322},
  numpages = {10},
  location = {Yorktown Heights, New York, USA},
  series = {SCG ’86}
}


@misc{TWikiMc15c,
        title        = "MC15c Production",
        howpublished = "\url{https://twiki.cern.ch/twiki/bin/view/AtlasProtected/AtlasProductionGroupMC15c}",
        month        = "Nov",
        year         = "2016",
}

@misc{TWiki_AtlasProductionGroup,
        title        = "MC Production Group",
        howpublished = "\url{https://twiki.cern.ch/twiki/bin/view/AtlasProtected/AtlasProductionGroup}",
        month        = "Nov",
        year         = "2016",
}

@cdsreport{Richter-Was:683751,
      author       = "Richter-Was, Elzbieta and Froidevaux, D and Poggioli, Luc",
      title        = "ATLFAST 2.0 a fast simulation package for ATLAS",
      institution  = "CERN",
      address      = "Geneva",
      entryCollection = "ATLAS+Internal+Notes+Physics",
      entryId      = "ATL-PHYS-98-131",
      month        = "Nov",
      year         = "1998",
}

@misc{TWikiEGammaCalib,
        title        = "EGamma Calibrations for Run2",
        howpublished = "\url{https://twiki.cern.ch/twiki/bin/view/AtlasProtected/EGammaCalibrationRun2}",
        month        = "Nov",
        year         = "2016",
}

@misc{TWikiEGammaEff,
        title        = "Photon Efficiencies for Run2",
        howpublished = "\url{https://twiki.cern.ch/twiki/bin/view/AtlasProtected/PhotonEfficiencyRun2}",
        month        = "Nov",
        year         = "2016",
}

@misc{TWikiEGammaIso,
        title        = "Photon Isolation for Run2",
        howpublished = "\url{https://twiki.cern.ch/twiki/bin/view/AtlasProtected/IsolationSF2016Moriond}",
        month        = "Nov",
        year         = "2016",
}

@article{Gleisberg:2008ta,
      author         = "Gleisberg, T. and Hoeche, Stefan. and Krauss, F. and
                        Schonherr, M. and Schumann, S. and Siegert, F. and Winter,
                        J.",
      title          = "Event generation with SHERPA 1.1",
      journal        = "JHEP",
      volume         = "02",
      year           = "2009",
      pages          = "007",
      doi            = "10.1088/1126-6708/2009/02/007",
      eprint         = "0811.4622",
      archivePrefix  = "arXiv",
      primaryClass   = "hep-ph",
      reportNumber   = "FERMILAB-PUB-08-477-T, SLAC-PUB-13420, ZU-TH-17-08,
                        DCPT-08-138, IPPP-08-69, EDINBURGH-2008-30, MCNET-08-14",
      SLACcitation   = "%%CITATION = ARXIV:0811.4622;%%"
}

@Article{STDM-2012-23,
    author="{ATLAS Collaboration}",
    title="{Measurement of the $Z$/$\gamma^{*}$ boson transverse momentum distribution in pp collisions at $\sqrt{s}=7$ TeV with the ATLAS detector}",
    journal="JHEP",
    volume="09",
    year="2014",
    doi="10.1007/jhep09(2014)145",
    eprint         = "1406.3660",
    archivePrefix  = "arXiv",
    primaryClass   = "hep-ex",
}

@article{TRIG-2016-01,
    author = "Aaboud, Morad and others",
    archivePrefix = "arXiv",
    collaboration = "ATLAS",
    doi = "10.1140/epjc/s10052-017-4852-3",
    eprint = "1611.09661",
    journal = "Eur. Phys. J. C",
    number = "5",
    pages = "317",
    primaryClass = "hep-ex",
    reportNumber = "CERN-EP-2016-241",
    title = "{Performance of the ATLAS Trigger System in 2015}",
    volume = "77",
    year = "2017"
}
@article{Martinez:2016udm,
    author = "Martinez, A.Ruiz",
    collaboration = "ATLAS",
    doi = "10.1088/1742-6596/762/1/012003",
    journal = "J. Phys. Conf. Ser.",
    number = "1",
    pages = "012003",
    reportNumber = "ATL-DAQ-PROC-2016-003",
    title = "{The Run-2 ATLAS Trigger System}",
    volume = "762",
    year = "2016"
}
@techreport{ATLAS-TRIG-2019-04-001,
      title         = "{Operation of the ATLAS trigger system in Run 2}",
      institution   = "CERN",
      collaboration = "ATLAS",
      address       = "Geneva",
      number        = "ATLAS-TRIG-2019-04-001",
      month         = "May",
      year          = "2020",
      reportNumber  = "ATLAS-TRIG-2019-04-001",
      url           = "https://cds.cern.ch/record/2715516",
      note           = "[Publication Draft, Not Public]",
}

@article{Achenbach:2008zzb,
      author         = "ATLAS Collaboration",
      title          = "{The ATLAS level-1 calorimeter trigger}",
      journal        = "JINST",
      volume         = "3",
      year           = "2008",
      pages          = "P03001",
      doi            = "10.1088/1748-0221/3/03/P03001",
      reportNumber   = "ATL-DAQ-PUB-2008-001, ATL-COM-DAQ-2008-002",
      SLACcitation   = "%%CITATION = JINST,3,P03001;%%"
}
@article{Aad:2019wsl,
      author         = "ATLAS Collaboration",
      title          = "{Performance of electron and photon triggers in ATLAS
                        during LHC Run 2}",
      collaboration  = "ATLAS",
      journal        = "Eur. Phys. J.",
      volume         = "C80",
      year           = "2020",
      number         = "1",
      pages          = "47",
      doi            = "10.1140/epjc/s10052-019-7500-2",
      eprint         = "1909.00761",
      archivePrefix  = "arXiv",
      primaryClass   = "hep-ex",
      reportNumber   = "CERN-EP-2019-169",
      SLACcitation   = "%%CITATION = ARXIV:1909.00761;%%"
}
@misc{unprescaledwiki,
        title        = "Lowest un-prescaled triggers per data-taking period",
        howpublished = "\url{https://twiki.cern.ch/twiki/bin/view/Atlas/LowestUnprescaled}",
        month        = "Sep",
        year         = "2019",
}
@techreport{ATL-DAQ-PUB-2016-001,
      title         = "{2015 start-up trigger menu and initial performance assessment of the ATLAS trigger using Run-2 data}",
      institution   = "CERN",
      collaboration = "ATLAS",
      address       = "Geneva",
      number        = "ATL-DAQ-PUB-2016-001",
      month         = "Mar",
      year          = "2016",
      reportNumber  = "ATL-DAQ-PUB-2016-001",
      url           = "https://cds.cern.ch/record/2136007",
}
@techreport{ATL-DAQ-PUB-2017-001,
      title         = "{Trigger Menu in 2016}",
      institution   = "CERN",
      collaboration = "ATLAS",
      address       = "Geneva",
      number        = "ATL-DAQ-PUB-2017-001",
      month         = "Jan",
      year          = "2017",
      reportNumber  = "ATL-DAQ-PUB-2017-001",
      url           = "https://cds.cern.ch/record/2242069",
}
@techreport{ATL-DAQ-PUB-2018-002,
      title         = "{Trigger Menu in 2017}",
      institution   = "CERN",
      collaboration = "ATLAS",
      address       = "Geneva",
      number        = "ATL-DAQ-PUB-2018-002",
      month         = "Jun",
      year          = "2018",
      reportNumber  = "ATL-DAQ-PUB-2018-002",
      url           = "https://cds.cern.ch/record/2625986",
}
@techreport{ATL-DAQ-PUB-2019-001,
      title         = "{Trigger menu in 2018}",
      institution   = "CERN",
      collaboration = "ATLAS",
      address       = "Geneva",
      number        = "ATL-DAQ-PUB-2019-001",
      month         = "Oct",
      year          = "2019",
      reportNumber  = "ATL-DAQ-PUB-2019-001",
      url           = "https://cds.cern.ch/record/2693402",
}
@article{Aad:2013txa,
    author = "Aad, Georges and others",
    archivePrefix = "arXiv",
    collaboration = "ATLAS",
    doi = "10.1088/1748-0221/8/07/P07015",
    eprint = "1305.2284",
    journal = "JINST",
    pages = "P07015",
    primaryClass = "hep-ex",
    reportNumber = "CERN-PH-EP-2013-047",
    title = "{Triggers for displaced decays of long-lived neutral particles in the ATLAS detector}",
    volume = "8",
    year = "2013"
}

@article{Aaboud:2018gay,
      author         = "ATLAS Collaboration",
      title          = "{Search for Higgs bosons produced via vector-boson fusion
                        and decaying into bottom quark pairs in $\sqrt{s} = 13$
                        $\mathrm{TeV}$ $pp$ collisions with the ATLAS detector}",
      collaboration  = "ATLAS",
      journal        = "Phys. Rev.",
      volume         = "D98",
      year           = "2018",
      number         = "5",
      pages          = "052003",
      doi            = "10.1103/PhysRevD.98.052003",
      eprint         = "1807.08639",
      archivePrefix  = "arXiv",
      primaryClass   = "hep-ex",
      reportNumber   = "CERN-EP-2018-140",
      SLACcitation   = "%%CITATION = ARXIV:1807.08639;%%"
}

@article{Aad:2015ina,
      author         = "Aad, Georges and others",
      title          = "{Performance of pile-up mitigation techniques for jets in
                        $pp$ collisions at $\sqrt{s}=8$  TeV using the ATLAS
                        detector}",
      collaboration  = "ATLAS",
      journal        = "Eur. Phys. J.",
      volume         = "C76",
      year           = "2016",
      number         = "11",
      pages          = "581",
      doi            = "10.1140/epjc/s10052-016-4395-z",
      eprint         = "1510.03823",
      archivePrefix  = "arXiv",
      primaryClass   = "hep-ex",
      reportNumber   = "CERN-PH-EP-2015-206",
      SLACcitation   = "%%CITATION = ARXIV:1510.03823;%%"
}
@techreport{ATLAS-CONF-2014-018,
      title         = "{Tagging and suppression of pileup jets with the ATLAS
                       detector}",
      institution   = "CERN",
      collaboration = "ATLAS",
      address       = "Geneva",
      number        = "ATLAS-CONF-2014-018",
      month         = "May",
      year          = "2014",
      reportNumber  = "ATLAS-CONF-2014-018",
      url           = "https://cds.cern.ch/record/1700870",
}


@article{Aaboud:2017pou,
      author         = "Aaboud, Morad and others",
      title          = "{Identification and rejection of pile-up jets at high
                        pseudorapidity with the ATLAS detector}",
      collaboration  = "ATLAS",
      journal        = "Eur. Phys. J.",
      volume         = "C77",
      year           = "2017",
      number         = "9",
      pages          = "580",
      doi            = "10.1140/epjc/s10052-017-5081-5,
                        10.1140/epjc/s10052-017-5245-3",
      note           = "[Erratum: Eur. Phys. J.C77,no.10,712(2017)]",
      eprint         = "1705.02211",
      archivePrefix  = "arXiv",
      primaryClass   = "hep-ex",
      reportNumber   = "CERN-EP-2017-055",
      SLACcitation   = "%%CITATION = ARXIV:1705.02211;%%"
}

@Article{PERF-2016-04,
    author = "Aaboud, M. and others",
    archivePrefix = "arXiv",
    collaboration = "ATLAS",
    doi = "10.1103/PhysRevD.96.072002",
    eprint = "1703.09665",
    journal = "Phys. Rev. D",
    number = "7",
    pages = "072002",
    primaryClass = "hep-ex",
    reportNumber = "CERN-EP-2017-038",
    title = "{Jet energy scale measurements and their systematic uncertainties in proton-proton collisions at $\sqrt{s} = 13$ TeV with the ATLAS detector}",
    volume = "96",
    year = "2017"
}
@Article{PERF-2011-04,
    author="{ATLAS Collaboration}",
    title="{Jet energy resolution in proton-proton collisions at $\sqrt{s} = 7$ TeV recorded in 2010 with the ATLAS detector}",
    journal="Eur. Phys. J. C",
    volume="73",
    year="2013",
    doi="10.1140/epjc/s10052-013-2306-0",
    eprint         = "1210.6210",
    archivePrefix  = "arXiv",
    primaryClass   = "hep-ex",
}
@article{Aaboud:2019ibw,
    author = "Aaboud, Morad and others",
    collaboration = "ATLAS",
    title = "{Determination of jet calibration and energy resolution in proton-proton collisions at $\sqrt{s}$ = 8 TeV using the ATLAS detector}",
    eprint = "1910.04482",
    archivePrefix = "arXiv",
    primaryClass = "hep-ex",
    reportNumber = "CERN-EP-2019-057",
    month = "10",
    year = "2019"
}
@article{Schwartzman:2015ada,
    author = "Schwartzman, Ariel",
    title = "{Jet energy calibration at the LHC}",
    eprint = "1509.05459",
    archivePrefix = "arXiv",
    primaryClass = "hep-ex",
    doi = "10.1142/S0217751X15460021",
    journal = "Int. J. Mod. Phys. A",
    volume = "30",
    number = "31",
    pages = "1546002",
    year = "2015"
}

@Article{Bhatti:2005ai,
    author="{CDF Collaboration}",
    title="{Determination of the jet energy scale at the collider detector at Fermilab}",
    journal="Nucl. Instrum. Meth. A",
    volume="566",
    year="2006",
    doi="10.1016/j.nima.2006.05.269",
    eprint         = "0510047",
    archivePrefix  = "arXiv",
    primaryClass   = "hep-ex",
}

@Article{Abazov:2013hda,
    author="{D0 Collaboration}",
    title="{Jet energy scale determination in the D0 experiment}",
    journal="Nucl. Instrum. Meth. A",
    volume="763",
    year="2014",
    doi="10.1016/j.nima.2014.05.044",
    eprint         = "1312.6873",
    archivePrefix  = "arXiv",
    primaryClass   = "hep-ex",
}

@techreport{topo1,
    author="{W. Lampl et al.}",
    title="{Calorimeter clustering algorithms: description and performance}",
    institution   = "CERN",
    collaboration = "ATLAS",
    address       = "Geneva",
    number        = "ATL-COM-LARG-2008-003",
    month         = "Apr",
    year          = "2008",
    reportNumber  = "ATL-COM-LARG-2008-003",
    url           = "http://cds.cern.ch/record/1099735",
}

@Article{topo2,
    author="{C. Cojocaru et al.}",
    title="{Hadronic calibration of the ATLAS liquid argon end-cap calorimeter in the pseudorapidity region $1.6 < |\eta| < 1.8$ in beam tests}",
    journal="Nucl. Instrum. Meth. A",
    volume="531",
    year="2004",
    doi="10.1016/j.nima.2004.05.133",
    eprint         = "0407009",
    archivePrefix  = "arXiv",
    primaryClass   = "hep-ex",
}

@inproceedings{Huth:1990mi,
      author         = "Huth, John E. and others",
      title          = "{Toward a standardization of jet definitions}",
      booktitle      = "{1990 DPF Summer Study on High-energy Physics: Research
                        Directions for the Decade (Snowmass 90) Snowmass,
                        Colorado, June 25-July 13, 1990}",
      url            = "http://lss.fnal.gov/cgi-bin/find_paper.pl?conf-90-249",
      year           = "1990",
      pages          = "0134-136",
      reportNumber   = "FERMILAB-CONF-90-249-E, FNAL-C-90-249-E",
      SLACcitation   = "%%CITATION = FERMILAB-CONF-90-249-E;%%"
}

@article{Salam:2009jx,
      author         = "Salam, Gavin P.",
      title          = "{Towards Jetography}",
      booktitle      = "{2008 CTEQ-MCnet Summer School on QCD Phenomenology and
                        Monte Carlo Event Generators (MCnet 08) (CTEQ 08)
                        Debrecen, Hungary, August 8-16, 2008}",
      journal        = "Eur. Phys. J.",
      volume         = "C67",
      year           = "2010",
      pages          = "637-686",
      doi            = "10.1140/epjc/s10052-010-1314-6",
      eprint         = "0906.1833",
      archivePrefix  = "arXiv",
      primaryClass   = "hep-ph",
      SLACcitation   = "%%CITATION = ARXIV:0906.1833;%%"
}

@article{Aaboud:2017aca,
      author         = "Aaboud, Morad and others",
      title          = "{Jet reconstruction and performance using particle flow
                        with the ATLAS Detector}",
      collaboration  = "ATLAS",
      journal        = "Eur. Phys. J.",
      volume         = "C77",
      year           = "2017",
      number         = "7",
      pages          = "466",
      doi            = "10.1140/epjc/s10052-017-5031-2",
      eprint         = "1703.10485",
      archivePrefix  = "arXiv",
      primaryClass   = "hep-ex",
      reportNumber   = "CERN-EP-2017-024",
      SLACcitation   = "%%CITATION = ARXIV:1703.10485;%%"
}
@techreport{ATL-PHYS-PUB-2017-015,
      title         = "{Improving jet substructure performance in ATLAS using
                       Track-CaloClusters}",
      institution   = "CERN",
      collaboration = "ATLAS",
      address       = "Geneva",
      number        = "ATL-PHYS-PUB-2017-015",
      month         = "Jul",
      year          = "2017",
      reportNumber  = "ATL-PHYS-PUB-2017-015",
      url           = "https://cds.cern.ch/record/2275636",
}

@techreport{pflow1,
    title="{Particle Flow Event Reconstruction in CMS and Performance for Jets, Taus, and $E_{T}^\text{miss}$}",
    institution   = "CERN",
    collaboration = "CMS",
    address       = "Geneva",
    number        = "CMS-PAS-PFT-09-001",
    month         = "Apr",
    year          = "2009",
    reportNumber  = "CMS-PAS-PFT-09-001",
    url           = "https://cds.cern.ch/record/1194487",
}

@techreport{pflow2,
    title="{Commissioning of the Particle-Flow Reconstruction in Minimum-Bias and Jet Events from $pp$ Collisions at 7 TeV}",
    institution   = "CERN",
    collaboration = "CMS",
    address       = "Geneva",
    number        = "CMS-PAS-PFT-10-002",
    month         = "Jul",
    year          = "2010",
    reportNumber  = "CMS-PAS-PFT-10-002",
    url           = "https://cds.cern.ch/record/1279341",
}

@Article{Aad:2011he,
    author="{ATLAS Collaboration}",
    title="{Jet energy measurement with the ATLAS detector in proton-proton collisions at $\sqrt{s}=7$ TeV}",
    journal="Eur. Phys. J. C",
    volume="73",
    year="2013",
    doi="10.1140/epjc/s10052-013-2304-2",
    eprint         = "1112.6426",
    archivePrefix  = "arXiv",
    primaryClass   = "hep-ex",
}

@Article{Chatrchyan:2011ds,
    author="{CMS Collaboration}",
    title="{Determination of Jet Energy Calibration and Transverse Momentum Resolution in CMS}",
    journal="JINST",
    volume="6",
    year="2011",
    doi="10.1088/1748-0221/6/11/P11002",
    eprint         = "1107.4277",
    archivePrefix  = "arXiv",
    primaryClass   = "hep-ex",
}

@Article{Khachatryan:2016kdb,
    author="{CMS Collaboration}",
    title="{Jet energy scale and resolution in the CMS experiment in pp collisions at 8 TeV}",
    journal="JINST",
    volume="12",
    year="2017",
    doi="10.1088/1748-0221/12/02/P02014",
    eprint         = "1607.03663",
    archivePrefix  = "arXiv",
    primaryClass   = "hep-ex",
}

@misc{JetEtmissApproved2013HighMuPileup,
    title="{Pileup effects on jet calibration and response at high $\mu$}",
    howpublished = "\url{https://twiki.cern.ch/twiki/bin/view/AtlasPublic/JetEtmissApproved2013HighMuPileup}",
    month        = "Jul",
    year         = "2013",
}
@Misc{JETM-2017-009,
 title = "{Plots of Njets vs Pile-Up in 2017 data}",
 howpublished = "\url{https://atlas.web.cern.ch/Atlas/GROUPS/PHYSICS/PLOTS/JETM-2017-009/}"
}


@misc{EventDisplayStandAlone,
    title="{ATLAS Stand-Alone Event Displays}",
    howpublished = "\url{https://twiki.cern.ch/twiki/bin/view/AtlasPublic/EventDisplayStandAlone}",
    month        = "Aug",
    year         = "2012",
}
@misc{EventDisplayRun2Physics,
    title="{Event Displays from Run 2 physics analyses}",
    howpublished = "\url{https://twiki.cern.ch/twiki/bin/view/AtlasPublic/EventDisplayRun2Physics}",
    month        = "April",
    year         = "2020",
}

@misc{JetEtmissApprovedBOOST2014EventDisplays,
    title="{Jet 2012 Monte Carlo Event Displays}",
    howpublished = "\url{https://twiki.cern.ch/twiki/bin/view/AtlasPublic/JetEtmissApprovedBOOST2014EventDisplays}",
    month        = "Aug",
    year         = "2014",
}

@inproceedings{Shelton:2013an,
      author         = "Shelton, Jessie",
      title          = "{TASI Lectures on Jet Substructure}",
      booktitle      = "{Proceedings, Theoretical Advanced Study Institute in
                        Elementary Particle Physics: Searching for New Physics at
                        Small and Large Scales (TASI 2012): Boulder, Colorado,
                        June 4-29, 2012}",
      year           = "2013",
      pages          = "303-340",
      doi            = "10.1142/9789814525220_0007",
      eprint         = "1302.0260",
      archivePrefix  = "arXiv",
      primaryClass   = "hep-ph",
      SLACcitation   = "%%CITATION = ARXIV:1302.0260;%%"
}

@article{Larkoski:2017jix,
      author         = "Larkoski, Andrew J. and Moult, Ian and Nachman, Benjamin",
      title          = "{Jet Substructure at the Large Hadron Collider: A Review
                        of Recent Advances in Theory and Machine Learning}",
      journal        = "Phys. Rept.",
      volume         = "841",
      year           = "2020",
      pages          = "1-63",
      doi            = "10.1016/j.physrep.2019.11.001",
      eprint         = "1709.04464",
      archivePrefix  = "arXiv",
      primaryClass   = "hep-ph",
      SLACcitation   = "%%CITATION = ARXIV:1709.04464;%%"
}

@article{Pasztor:2019rqu,
    author = "P{\'a}sztor, Gabriella",
    collaboration = "ATLAS, CMS",
    title = "{Precision tests of the Standard Model at the LHC with the ATLAS and CMS detectors}",
    doi = "10.22323/1.353.0005",
    journal = "PoS",
    volume = "FFK2019",
    pages = "005",
    year = "2020"
}

@article{Canepa:2019hph,
    author = "Canepa, Anadi",
    title = "{Searches for Supersymmetry at the Large Hadron Collider}",
    reportNumber = "FERMILAB-PUB-19-242-PPD",
    doi = "10.1016/j.revip.2019.100033",
    journal = "Rev. Phys.",
    volume = "4",
    pages = "100033",
    year = "2019"
}

@article{Tam:2015lda,
    author = "Tam, Jason",
    editor = "Bravina, L. and Foka, Y. and Kabana, S.",
    collaboration = "ATLAS",
    title = "{Summary of results on exotic searches from ATLAS}",
    doi = "10.1051/epjconf/20149504065",
    journal = "EPJ Web Conf.",
    volume = "95",
    pages = "04065",
    year = "2015"
}

@article{Meirose:2016pxn,
    author = "Meirose, Bernhard",
    editor = "Chang, Sanghyeon and Choi, Kiwoon and Kim, San Pyo",
    collaboration = "ATLAS",
    title = "{Overview of dark matter searches at the ATLAS experiment}",
    reportNumber = "ATL-PHYS-PROC-2016-023",
    doi = "10.1142/S2010194516601964",
    journal = "Int. J. Mod. Phys. Conf. Ser.",
    volume = "43",
    pages = "1660196",
    year = "2016"
}

@article{Aad:2019mbh,
    author = "Aad, Georges and others",
    collaboration = "ATLAS",
    title = "{Combined measurements of Higgs boson production and decay using up to $80$ fb$^{-1}$ of proton-proton collision data at $\sqrt{s}=$ 13 TeV collected with the ATLAS experiment}",
    eprint = "1909.02845",
    archivePrefix = "arXiv",
    primaryClass = "hep-ex",
    reportNumber = "CERN-EP-2019-097",
    doi = "10.1103/PhysRevD.101.012002",
    journal = "Phys. Rev. D",
    volume = "101",
    number = "1",
    pages = "012002",
    year = "2020"
}

@article{Asquith:2018igt,
      author         = "Kogler, Roman and others",
      title          = "{Jet Substructure at the Large Hadron Collider:
                        Experimental Review}",
      journal        = "Rev. Mod. Phys.",
      volume         = "91",
      year           = "2019",
      number         = "4",
      pages          = "045003",
      doi            = "10.1103/RevModPhys.91.045003",
      eprint         = "1803.06991",
      archivePrefix  = "arXiv",
      primaryClass   = "hep-ex",
      reportNumber   = "FERMILAB-PUB-18-123-PPD",
      SLACcitation   = "%%CITATION = ARXIV:1803.06991;%%"
}

@article{Alexander:1991ce,
      author         = "Alexander, G. and others",
      title          = "{A Direct observation of quark - gluon jet differences at
                        LEP}",
      collaboration  = "OPAL",
      journal        = "Phys. Lett.",
      volume         = "B265",
      year           = "1991",
      pages          = "462-474",
      doi            = "10.1016/0370-2693(91)90082-2",
      reportNumber   = "CERN-PPE-91-91",
      SLACcitation   = "%%CITATION = PHLTA,B265,462;%%"
}

@article{Barate:1998cp,
      author         = "Barate, R. and others",
      title          = "{Measurements of the structure of quark and gluon jets in
                        hadronic Z decays}",
      collaboration  = "ALEPH",
      journal        = "Eur. Phys. J.",
      volume         = "C17",
      year           = "2000",
      pages          = "1-18",
      doi            = "10.1007/s100520000474",
      reportNumber   = "CERN-EP-98-016, CERN-EP-98-16",
      SLACcitation   = "%%CITATION = EPHJA,C17,1;%%"
}

@article{Abreu:1995hp,
      author         = "Abreu, P. and others",
      title          = "{Energy dependence of the differences between the quark
                        and gluon jet fragmentation}",
      collaboration  = "DELPHI",
      journal        = "Z. Phys.",
      volume         = "C70",
      year           = "1996",
      pages          = "179-196",
      doi            = "10.1007/s002880050095",
      reportNumber   = "CERN-PPE-95-164",
      SLACcitation   = "%%CITATION = ZEPYA,C70,179;%%"
}

@article{Acciarri:1997it,
      author         = "Acciarri, M. and others",
      title          = "{K(s)0 and Lambda production in quark and gluon jets at
                        LEP}",
      collaboration  = "L3",
      journal        = "Phys. Lett.",
      volume         = "B407",
      year           = "1997",
      pages          = "389-401",
      doi            = "10.1016/S0370-2693(98)00396-7,
                        10.1016/S0370-2693(97)00864-2",
      note           = "[Erratum: Phys. Lett.B427,409(1998)]",
      reportNumber   = "CERN-PPE-97-050, CERN-PPE-97-50",
      SLACcitation   = "%%CITATION = PHLTA,B407,389;%%"
}

@article{Abe:1992wv,
      author         = "Abe, F. and others",
      title          = "{A Measurement of jet shapes in $p\bar{p}$ collisions at
                        $\sqrt{s} = 1.8$ TeV}",
      collaboration  = "CDF",
      journal        = "Phys. Rev. Lett.",
      volume         = "70",
      year           = "1993",
      pages          = "713-717",
      doi            = "10.1103/PhysRevLett.70.713",
      reportNumber   = "FERMILAB-PUB-92-167-E, ANL-HEP-PR-93-46",
      SLACcitation   = "%%CITATION = PRLTA,70,713;%%"
}

@article{Abachi:1995zw,
      author         = "Abachi, S. and others",
      title          = "{Transverse energy distributions within jets in
                        $p\bar{p}$ collisions at $\sqrt{s} = 1.8$ TeV}",
      collaboration  = "D0",
      journal        = "Phys. Lett.",
      volume         = "B357",
      year           = "1995",
      pages          = "500-508",
      doi            = "10.1016/0370-2693(95)00889-S",
      reportNumber   = "FERMILAB-PUB-95-203-E",
      SLACcitation   = "%%CITATION = PHLTA,B357,500;%%"
}

@article{Breitweg:1997gg,
      author         = "Breitweg, J. and others",
      title          = "{Measurement of jet shapes in photoproduction at HERA}",
      collaboration  = "ZEUS",
      journal        = "Eur. Phys. J.",
      volume         = "C2",
      year           = "1998",
      pages          = "61-75",
      doi            = "10.1007/s100520050124",
      eprint         = "hep-ex/9710002",
      archivePrefix  = "arXiv",
      primaryClass   = "hep-ex",
      reportNumber   = "DESY-97-191",
      SLACcitation   = "%%CITATION = HEP-EX/9710002;%%"
}

@article{Breitweg:1998gf,
      author         = "Breitweg, J. and others",
      title          = "{Measurement of jet shapes in high $Q^{2}$ deep inelastic
                        scattering at HERA}",
      collaboration  = "ZEUS",
      journal        = "Eur. Phys. J.",
      volume         = "C8",
      year           = "1999",
      pages          = "367-380",
      doi            = "10.1007/s100520050471",
      eprint         = "hep-ex/9804001",
      archivePrefix  = "arXiv",
      primaryClass   = "hep-ex",
      reportNumber   = "DESY-98-038",
      SLACcitation   = "%%CITATION = HEP-EX/9804001;%%"
}

@article{Adloff:1998ni,
      author         = "Adloff, C. and others",
      title          = "{Measurement of internal jet structure in dijet
                        production in deep inelastic scattering at HERA}",
      collaboration  = "H1",
      journal        = "Nucl. Phys.",
      volume         = "B545",
      year           = "1999",
      pages          = "3-20",
      doi            = "10.1016/S0550-3213(99)00118-2",
      eprint         = "hep-ex/9901010",
      archivePrefix  = "arXiv",
      primaryClass   = "hep-ex",
      reportNumber   = "DESY-98-210",
      SLACcitation   = "%%CITATION = HEP-EX/9901010;%%"
}

@techreport{ATL-PHYS-PUB-2017-009,
      title         = "{Quark versus Gluon Jet Tagging Using Charged Particle
                       Multiplicity with the ATLAS Detector}",
      institution   = "CERN",
      collaboration = "ATLAS",
      address       = "Geneva",
      number        = "ATL-PHYS-PUB-2017-009",
      month         = "May",
      year          = "2017",
      reportNumber  = "ATL-PHYS-PUB-2017-009",
      url           = "https://cds.cern.ch/record/2263679",
}

@article{Aad:2014gea,
      author         = "Aad, Georges and others",
      title          = "{Light-quark and gluon jet discrimination in $pp$
                        collisions at $\sqrt{s}=7\mathrm {\ TeV}$ with the ATLAS
                        detector}",
      collaboration  = "ATLAS",
      journal        = "Eur. Phys. J.",
      volume         = "C74",
      year           = "2014",
      number         = "8",
      pages          = "3023",
      doi            = "10.1140/epjc/s10052-014-3023-z",
      eprint         = "1405.6583",
      archivePrefix  = "arXiv",
      primaryClass   = "hep-ex",
      reportNumber   = "CERN-PH-EP-2014-058",
      SLACcitation   = "%%CITATION = ARXIV:1405.6583;%%"
}

@techreport{ATLAS-CONF-2016-034,
      title         = "{Discrimination of Light Quark and Gluon Jets in $pp$
                       collisions at $\sqrt{s} = 8$ TeV with the ATLAS Detector}",
      institution   = "CERN",
      collaboration = "ATLAS",
      address       = "Geneva",
      number        = "ATLAS-CONF-2016-034",
      month         = "Jul",
      year          = "2016",
      reportNumber  = "ATLAS-CONF-2016-034",
      url           = "https://cds.cern.ch/record/2200202",
}

@article{Cogan:2014oua,
    author = "Cogan, Josh and Kagan, Michael and Strauss, Emanuel and Schwarztman, Ariel",
    title = "{Jet-Images: Computer Vision Inspired Techniques for Jet Tagging}",
    eprint = "1407.5675",
    archivePrefix = "arXiv",
    primaryClass = "hep-ph",
    doi = "10.1007/JHEP02(2015)118",
    journal = "JHEP",
    volume = "02",
    pages = "118",
    year = "2015"
}
@article{deOliveira:2015xxd,
    author = "de Oliveira, Luke and Kagan, Michael and Mackey, Lester and Nachman, Benjamin and Schwartzman, Ariel",
    title = "{Jet-images --- deep learning edition}",
    eprint = "1511.05190",
    archivePrefix = "arXiv",
    primaryClass = "hep-ph",
    doi = "10.1007/JHEP07(2016)069",
    journal = "JHEP",
    volume = "07",
    pages = "069",
    year = "2016"
}
@techreport{ATL-PHYS-PUB-2017-017,
      title         = "{Quark versus Gluon Jet Tagging Using Jet Images with the
                       ATLAS Detector}",
      institution   = "CERN",
      collaboration = "ATLAS",
      address       = "Geneva",
      number        = "ATL-PHYS-PUB-2017-017",
      month         = "Jul",
      year          = "2017",
      reportNumber  = "ATL-PHYS-PUB-2017-017",
      url           = "https://cds.cern.ch/record/2275641",
}

@article{Nachman:2014kla,
    author = "Nachman, Benjamin and Nef, Pascal and Schwartzman, Ariel and Swiatlowski, Maximilian and Wanotayaroj, Chaowaroj",
    archivePrefix = "arXiv",
    doi = "10.1007/JHEP02(2015)075",
    eprint = "1407.2922",
    journal = "JHEP",
    pages = "075",
    primaryClass = "hep-ph",
    title = "{Jets from Jets: Re-clustering as a tool for large radius jet reconstruction and grooming at the LHC}",
    volume = "02",
    year = "2015"
}

@techreport{CMS-PAS-JME-16-003,
      title         = "{Jet algorithms performance in 13 TeV data}",
      institution   = "CERN",
      collaboration = "CMS",
      address       = "Geneva",
      number        = "CMS-PAS-JME-16-003",
      year          = "2017",
      reportNumber  = "CMS-PAS-JME-16-003",
      url           = "https://cds.cern.ch/record/2256875",
}

@techreport{CMS-PAS-JME-13-002,
      title         = "{Performance of quark/gluon discrimination in 8 TeV pp
                       data}",
      institution   = "CERN",
      collaboration = "CMS",
      address       = "Geneva",
      number        = "CMS-PAS-JME-13-002",
      year          = "2013",
      reportNumber  = "CMS-PAS-JME-13-002",
      url           = "https://cds.cern.ch/record/1599732",
}

@techreport{CMS-DP-2016-070,
      title         = "{Performance of quark/gluon discrimination in 13 TeV
                       data}",
      institution   = "CERN",
      collaboration = "CMS",
      address       = "Geneva",
      number	    = "CMS-DP-2016-070",
      month         = "Nov",
      year          = "2016",
      reportNumber  = "CMS-DP-2016-070",
      url           = "https://cds.cern.ch/record/2234117",
}

@techreport{CMS-DP-2017-027,
      title         = "{New Developments for Jet Substructure Reconstruction in
                       CMS}",
      institution   = "CERN",
      collaboration = "CMS",
      address       = "Geneva",
      number        = "CMS-DP-2017-027",
      month         = "Jul",
      year          = "2017",
      reportNumber  = "CMS-DP-2017-027",
      url           = "https://cds.cern.ch/record/2275226",
}

@article{Aad:2019uoz,
      author         = "Aad, Georges and others",
      title          = "{Identification of boosted Higgs bosons decaying into
                        $b$-quark pairs with the ATLAS detector at 13  $\text
                        {TeV}$}",
      collaboration  = "ATLAS",
      journal        = "Eur. Phys. J.",
      volume         = "C79",
      year           = "2019",
      number         = "10",
      pages          = "836",
      doi            = "10.1140/epjc/s10052-019-7335-x",
      eprint         = "1906.11005",
      archivePrefix  = "arXiv",
      primaryClass   = "hep-ex",
      reportNumber   = "CERN-EP-2019-085",
      SLACcitation   = "%%CITATION = ARXIV:1906.11005;%%"
}

@article{Aad:2016pux,
      author         = "Aad, Georges and others",
      title          = "{Identification of high transverse momentum top quarks in
                        $pp$ collisions at $\sqrt{s}$ = 8 TeV with the ATLAS
                        detector}",
      collaboration  = "ATLAS",
      journal        = "JHEP",
      volume         = "06",
      year           = "2016",
      pages          = "093",
      doi            = "10.1007/JHEP06(2016)093",
      eprint         = "1603.03127",
      archivePrefix  = "arXiv",
      primaryClass   = "hep-ex",
      reportNumber   = "CERN-EP-2016-010",
      SLACcitation   = "%%CITATION = ARXIV:1603.03127;%%"
}

@article{Aad:2015rpa,
      author         = "Aad, Georges and others",
      title          = "{Identification of boosted, hadronically decaying W
                        bosons and comparisons with ATLAS data taken at $\sqrt{s}
                        = 8$ TeV}",
      collaboration  = "ATLAS",
      journal        = "Eur. Phys. J.",
      volume         = "C76",
      year           = "2016",
      number         = "3",
      pages          = "154",
      doi            = "10.1140/epjc/s10052-016-3978-z",
      eprint         = "1510.05821",
      archivePrefix  = "arXiv",
      primaryClass   = "hep-ex",
      reportNumber   = "CERN-PH-EP-2015-204",
      SLACcitation   = "%%CITATION = ARXIV:1510.05821;%%"
}

@article{Aaboud:2018psm,
      author         = "Aaboud, Morad and others",
      title          = "{Performance of top-quark and $W$-boson tagging with
                        ATLAS in Run 2 of the LHC}",
      collaboration  = "ATLAS",
      journal        = "Eur. Phys. J.",
      volume         = "C79",
      year           = "2019",
      number         = "5",
      pages          = "375",
      doi            = "10.1140/epjc/s10052-019-6847-8",
      eprint         = "1808.07858",
      archivePrefix  = "arXiv",
      primaryClass   = "hep-ex",
      reportNumber   = "CERN-EP-2018-192",
      SLACcitation   = "%%CITATION = ARXIV:1808.07858;%%"
}

@techreport{ATL-PHYS-PUB-2014-004,
      title         = "{Performance of Boosted W Boson Identification with the
                       ATLAS Detector}",
      institution   = "CERN",
      address       = "Geneva",
      number        = "ATL-PHYS-PUB-2014-004",
      month         = "Mar",
      year          = "2014",
      reportNumber  = "ATL-PHYS-PUB-2014-004",
      url           = "https://cds.cern.ch/record/1690048",
}

@techreport{ATL-PHYS-PUB-2019-027,
      title         = "{Impact of Alternative Inputs and Jet Grooming on Large-R
                       Jet Performance}",
      institution   = "CERN",
      collaboration = "ATLAS Collaboration",
      address       = "Geneva",
      number        = "ATL-PHYS-PUB-2019-027",
      month         = "Jul",
      year          = "2019",
      reportNumber  = "ATL-PHYS-PUB-2019-027",
      url           = "https://cds.cern.ch/record/2683619",
}

@article{Khachatryan:2014vla,
      author         = "Khachatryan, Vardan and others",
      title          = "{Identification techniques for highly boosted W bosons
                        that decay into hadrons}",
      collaboration  = "CMS",
      journal        = "JHEP",
      volume         = "12",
      year           = "2014",
      pages          = "017",
      doi            = "10.1007/JHEP12(2014)017",
      eprint         = "1410.4227",
      archivePrefix  = "arXiv",
      primaryClass   = "hep-ex",
      reportNumber   = "CMS-JME-13-006, CERN-PH-EP-2014-241",
      SLACcitation   = "%%CITATION = ARXIV:1410.4227;%%"
}

@misc{mergedphotonid,
    author="Cheong, Sanha and Pearkes, Jannicke",
    title="{Merged Photon ID}",
    howpublished = "\url{https://indico.cern.ch/event/747068/contributions/3089187/}",
    month        = "Jul",
    year         = "2018",
}
@misc{beamspot,
    author="Cukierman, Aviv and Bartoldus, Rainer",
    title="{Bayesian Inference for Beamspot Width Measurement}",
    howpublished = "\url{https://indico.cern.ch/event/802607/#3-weekly-presentation}",
    month        = "Mar",
    year         = "2019",
}

@techreport{LopezMateos:1163916,
      author        = "Lopez Mateos, D and Hughes, E W and Schwartzman, A",
      title         = "{A Simple $p_T$- and $\eta$-Dependent Monte Carlo-Based
                       Jet Calibration}",
      institution   = "CERN",
      address       = "Geneva",
      number        = "ATL-COM-PHYS-2009-076",
      month         = "Feb",
      year          = "2009",
      reportNumber  = "ATL-COM-PHYS-2009-076",
      url           = "https://cds.cern.ch/record/1163916",
}

@techreport{ATLAS-CONF-2015-002,
      title         = "{Jet global sequential corrections with the ATLAS detector
                       in proton-proton collisions at sqrt(s) = 8 TeV}",
      institution   = "CERN",
      collaboration = "ATLAS",
      address       = "Geneva",
      number        = "ATLAS-CONF-2015-002",
      month         = "Mar",
      year          = "2015",
      reportNumber  = "ATLAS-CONF-2015-002",
      url           = "https://cds.cern.ch/record/2001682",
}

@article{scikit-learn,
  title={Scikit-learn: Machine Learning in {P}ython},
  author={Pedregosa, F. and Varoquaux, G. and Gramfort, A. and Michel, V.
         and Thirion, B. and Grisel, O. and Blondel, M. and Prettenhofer, P.
         and Weiss, R. and Dubourg, V. and Vanderplas, J. and Passos, A. and
         Cournapeau, D. and Brucher, M. and Perrot, M. and Duchesnay, E.},
  journal={Journal of Machine Learning Research},
  volume={12},
  pages={2825--2830},
  year={2011}
}

@ARTICLE{Rosenblatt58theperceptron,
    author = {F. Rosenblatt},
    title = {The Perceptron: A Probabilistic Model for Information Storage and Organization in The Brain},
    journal = {Psychological Review},
    year = {1958},
    pages = {65--386}
}
@Article{Cybenko1989,
  author="Cybenko, G.",
  title="Approximation by superpositions of a sigmoidal function",
  journal="Mathematics of Control, Signals and Systems",
  year="1989",
  month="Dec",
  day="01",
  volume="2",
  number="4",
  pages="303--314",
  issn="1435-568X",
  doi="10.1007/BF02551274",
  url="https://doi.org/10.1007/BF02551274"
}
@article{HORNIK1991251,
  title = "Approximation capabilities of multilayer feedforward networks",
  journal = "Neural Networks",
  volume = "4",
  number = "2",
  pages = "251 - 257",
  year = "1991",
  issn = "0893-6080",
  doi = "https://doi.org/10.1016/0893-6080(91)90009-T",
  url = "http://www.sciencedirect.com/science/article/pii/089360809190009T",
  author = "Kurt Hornik",
  keywords = "Multilayer feedforward networks, Activation function, Universal approximation capabilities, Input environment measure, () approximation, Uniform approximation, Sobolev spaces, Smooth approximation"
}
@book{haykin1994neural,
  title={Neural networks: a comprehensive foundation},
  author={Haykin, Simon},
  year={1994},
  publisher={Prentice Hall PTR}
}
@Book{Kriesel2007NeuralNetworks, 
  author = { David Kriesel }, 
  title =  { A Brief Introduction to Neural Networks },
  year =   { 2007 }, 
  url =   { http://www.dkriesel.com } 
}
@book{bishop_2013,
  place={Oxford},
  title={Neural networks for pattern recognition},
  publisher={Oxford University Press},
  author={Bishop, Christopher M.},
  year={2013}
}
@book{reed_marks_1999,
  place={Cambridge, MA},
  title={Neural smithing: supervised learning in feedforward artificial neural networks},
  publisher={CogNet},
  author={Reed, Russell D. and Marks, Robert J.},
  year={1999}
}
@book{goodfellow_bengio_courville_2017,
  place={Cambridge, MA},
  title={Deep learning},
  publisher={The MIT Press},
  author={Goodfellow, Ian and Bengio, Yoshua and Courville, Aaron},
  year={2017}
}
@article{ng2000cs229,
  title={CS229 Lecture notes},
  author={Ng, Andrew}
}


@article{Alitti:1990kw,
      author         = "Alitti, J. and others",
      title          = "{A Measurement of two jet decays of the $W$ and $Z$
                        bosons at the CERN $\bar{p} p$ collider}",
      collaboration  = "UA2",
      journal        = "Z. Phys.",
      volume         = "C49",
      year           = "1991",
      pages          = "17-28",
      doi            = "10.1007/BF01570793",
      reportNumber   = "CERN-PPE-90-105",
      SLACcitation   = "%%CITATION = ZEPYA,C49,17;%%"
}
@article{DeSimone:2018efk,
      author         = "De Simone, Andrea and Jacques, Thomas",
      title          = "{Guiding New Physics Searches with Unsupervised
                        Learning}",
      journal        = "Eur. Phys. J.",
      volume         = "C79",
      year           = "2019",
      number         = "4",
      pages          = "289",
      doi            = "10.1140/epjc/s10052-019-6787-3",
      eprint         = "1807.06038",
      archivePrefix  = "arXiv",
      primaryClass   = "hep-ph",
      reportNumber   = "SISSA 27/2018/FISI",
      SLACcitation   = "%%CITATION = ARXIV:1807.06038;%%"
}
@techreport{Cranmer:1456844,
      author        = "Cranmer, Kyle and Lewis, George and Moneta, Lorenzo and
                       Shibata, Akira and Verkerke, Wouter",
      title         = "{HistFactory: A tool for creating statistical models for
                       use with RooFit and RooStats}",
      institution   = "New York U.",
      collaboration = "ROOT Collaboration",
      address       = "New York",
      number        = "CERN-OPEN-2012-016",
      month         = "Jan",
      year          = "2012",
      reportNumber  = "CERN-OPEN-2012-016",
      url           = "https://cds.cern.ch/record/1456844",
}
@article{Moneta:2010pm,
      author         = "Moneta, Lorenzo and Belasco, Kevin and Cranmer, Kyle S.
                        and Kreiss, S. and Lazzaro, Alfio and Piparo, Danilo and
                        Schott, Gregory and Verkerke, Wouter and Wolf, Matthias",
      title          = "{The RooStats Project}",
      booktitle      = "{Proceedings, 13th International Workshop on Advanced
                        computing and analysis techniques in physics research
                        (ACAT2010): Jaipur, India, February 22-27, 2010}",
      journal        = "PoS",
      volume         = "ACAT2010",
      year           = "2010",
      pages          = "057",
      doi            = "10.22323/1.093.0057",
      eprint         = "1009.1003",
      archivePrefix  = "arXiv",
      primaryClass   = "physics.data-an",
      SLACcitation   = "%%CITATION = ARXIV:1009.1003;%%"
}

@article{Verkerke:2003ir,
      author         = "Verkerke, Wouter and Kirkby, David P.",
      title          = "{The RooFit toolkit for data modeling}",
      booktitle      = "{Statistical Problems in Particle Physics, Astrophysics
                        and Cosmology (PHYSTAT 05): Proceedings, Oxford, UK,
                        September 12-15, 2005}",
      journal        = "eConf",
      volume         = "C0303241",
      year           = "2003",
      pages          = "MOLT007",
      note           = "[,186(2003)]",
      eprint         = "physics/0306116",
      archivePrefix  = "arXiv",
      primaryClass   = "physics",
      reportNumber   = "CHEP-2003-MOLT007",
      SLACcitation   = "%%CITATION = PHYSICS/0306116;%%"
}

@article{Aaboud:2018urx,
    author = "Aaboud, M. and others",
    collaboration = "ATLAS",
    title = "{Observation of Higgs boson production in association with a top quark pair at the LHC with the ATLAS detector}",
    eprint = "1806.00425",
    archivePrefix = "arXiv",
    primaryClass = "hep-ex",
    reportNumber = "CERN-EP-2018-138",
    doi = "10.1016/j.physletb.2018.07.035",
    journal = "Phys. Lett. B",
    volume = "784",
    pages = "173--191",
    year = "2018"
}

@article{Aaboud:2018ufy,
      author         = "Aaboud, Morad and others",
      title          = "{A strategy for a general search for new phenomena using
                        data-derived signal regions and its application within the
                        ATLAS experiment}",
      collaboration  = "ATLAS",
      journal        = "Eur. Phys. J.",
      volume         = "C79",
      year           = "2019",
      number         = "2",
      pages          = "120",
      doi            = "10.1140/epjc/s10052-019-6540-y",
      eprint         = "1807.07447",
      archivePrefix  = "arXiv",
      primaryClass   = "hep-ex",
      reportNumber   = "CERN-EP-2018-070",
      SLACcitation   = "%%CITATION = ARXIV:1807.07447;%%"
}

@techreport{ATLAS-CONF-2014-006,
      title         = "{A general search for new phenomena with the ATLAS
                       detector in pp collisions at $\sqrt{s}=8$ TeV}",
      institution   = "CERN",
      collaboration = "ATLAS",
      address       = "Geneva",
      number        = "ATLAS-CONF-2014-006",
      month         = "Mar",
      year          = "2014",
      reportNumber  = "ATLAS-CONF-2014-006",
      url           = "https://cds.cern.ch/record/1666536",
}

@techreport{ATLAS-CONF-2012-107,
      title         = "{A general search for new phenomena with the ATLAS
                       detector in pp collisions at sort(s)=7 TeV.}",
      institution   = "CERN",
      collaboration = "ATLAS",
      address       = "Geneva",
      number        = "ATLAS-CONF-2012-107",
      month         = "Aug",
      year          = "2012",
      reportNumber  = "ATLAS-CONF-2012-107",
      url           = "https://cds.cern.ch/record/1472686",
}

@techreport{CMS:2017yoc,
      title         = "{MUSiC, a Model Unspecific Search for New Physics, in pp
                       Collisions at $\sqrt{s}=8\,\mathrm{TeV}$}",
      institution   = "CERN",
      collaboration = "CMS",
      address       = "Geneva",
      number        = "CMS-PAS-EXO-14-016",
      year          = "2017",
      reportNumber  = "CMS-PAS-EXO-14-016",
      url           = "https://cds.cern.ch/record/2256653",
}

@article{CMS:2011fra,
    collaboration = "CMS",
    title = "{Model Unspecific Search for New Physics in pp Collisions at sqrt(s) = 7 TeV}",
    reportNumber = "CMS-PAS-EXO-10-021",
    month = "8",
    year = "2011"
}




@article{Hajer:2018kqm,
      author         = "Hajer, Jan and Li, Ying-Ying and Liu, Tao and Wang, He",
      title          = "{Novelty Detection Meets Collider Physics}",
      year           = "2018",
      eprint         = "1807.10261",
      archivePrefix  = "arXiv",
      primaryClass   = "hep-ph",
      SLACcitation   = "%%CITATION = ARXIV:1807.10261;%%"
}

@article{DAgnolo:2018cun,
      author         = "D'Agnolo, Raffaele Tito and Wulzer, Andrea",
      title          = "{Learning New Physics from a Machine}",
      journal        = "Phys. Rev.",
      volume         = "D99",
      year           = "2019",
      number         = "1",
      pages          = "015014",
      doi            = "10.1103/PhysRevD.99.015014",
      eprint         = "1806.02350",
      archivePrefix  = "arXiv",
      primaryClass   = "hep-ph",
      SLACcitation   = "%%CITATION = ARXIV:1806.02350;%%"
}
@article{DAgnolo:2019vbw,
    author = "D'Agnolo, Raffaele Tito and Grosso, Gaia and Pierini, Maurizio and Wulzer, Andrea and Zanetti, Marco",
    title = "{Learning Multivariate New Physics}",
    eprint = "1912.12155",
    archivePrefix = "arXiv",
    primaryClass = "hep-ph",
    reportNumber = "CERN-TH-2019-226",
    month = "12",
    year = "2019"
}

@article{Mullin:2019mmh,
    author = "Mullin, Anna and Pacey, Holly and Parker, Michael and White, Martin and Williams, Sarah",
    title = "{Does SUSY have friends? A new approach for LHC event analysis}",
    eprint = "1912.10625",
    archivePrefix = "arXiv",
    primaryClass = "hep-ph",
    reportNumber = "ADP-20-1/T1111",
    month = "12",
    year = "2019"
}

@article{1809.02977,
      author         = "Alessandro Casa, Giovanna Menardi",
      title          = "{Nonparametric semisupervised classification for signal detection in high energy physics}",
      year           = "2019",
      eprint         = "1809.02977",
      archivePrefix  = "arXiv",
      primaryClass   = "hep-ex",
      SLACcitation   = "%%CITATION = ARXIV:1811.10276;%%"
}

@article{Cerri:2018anq,
      author         = "Cerri, Olmo and Nguyen, Thong Q. and Pierini, Maurizio
                        and Spiropulu, Maria and Vlimant, Jean-Roch",
      title          = "{Variational Autoencoders for New Physics Mining at the
                        Large Hadron Collider}",
      journal        = "JHEP",
      volume         = "05",
      year           = "2019",
      pages          = "036",
      doi            = "10.1007/JHEP05(2019)036",
      eprint         = "1811.10276",
      archivePrefix  = "arXiv",
      primaryClass   = "hep-ex",
      SLACcitation   = "%%CITATION = ARXIV:1811.10276;%%"
}

@article{Blance:2019ibf,
      author         = "Blance, Andrew and Spannowsky, Michael and Waite, Philip",
      title          = "{Adversarially-trained autoencoders for robust
                        unsupervised new physics searches}",
      journal        = "JHEP",
      volume         = "10",
      year           = "2019",
      pages          = "047",
      doi            = "10.1007/JHEP10(2019)047",
      eprint         = "1905.10384",
      archivePrefix  = "arXiv",
      primaryClass   = "hep-ph",
      reportNumber   = "IPPP/19/41",
      SLACcitation   = "%%CITATION = ARXIV:1905.10384;%%"
}


@article{Roy:2019jae,
      author         = "Roy, Tuhin S. and Vijay, Aravind H.",
      title          = "{A robust anomaly finder based on autoencoder}",
      year           = "2019",
      eprint         = "1903.02032",
      archivePrefix  = "arXiv",
      primaryClass   = "hep-ph",
      reportNumber   = "TIFR/TH/19-4",
      SLACcitation   = "%%CITATION = ARXIV:1903.02032;%%"
}

@article{Dillon:2019cqt,
      author         = "Dillon, Barry M. and Faroughy, Darius A. and Kamenik,
                        Jernej F.",
      title          = "{Uncovering latent jet substructure}",
      journal        = "Phys. Rev.",
      volume         = "D100",
      year           = "2019",
      number         = "5",
      pages          = "056002",
      doi            = "10.1103/PhysRevD.100.056002",
      eprint         = "1904.04200",
      archivePrefix  = "arXiv",
      primaryClass   = "hep-ph",
      SLACcitation   = "%%CITATION = ARXIV:1904.04200;%%"
}

@article{Andreassen:2020nkr,
    author = "Andreassen, Anders and Nachman, Benjamin and Shih, David",
    title = "{Simulation Assisted Likelihood-free Anomaly Detection}",
    eprint = "2001.05001",
    archivePrefix = "arXiv",
    primaryClass = "hep-ph",
    doi = "10.1103/PhysRevD.101.095004",
    journal = "Phys. Rev. D",
    volume = "101",
    number = "9",
    pages = "095004",
    year = "2020"
}

@article{Aguilar-Saavedra:2017rzt,
    author = "Aguilar-Saavedra, J.A. and Collins, Jack H. and Mishra, Rashmish K.",
    title = "{A generic anti-QCD jet tagger}",
    eprint = "1709.01087",
    archivePrefix = "arXiv",
    primaryClass = "hep-ph",
    doi = "10.1007/JHEP11(2017)163",
    journal = "JHEP",
    volume = "11",
    pages = "163",
    year = "2017"
}

@article{Heimel:2018mkt,
      author         = "Heimel, Theo and Kasieczka, Gregor and Plehn, Tilman and
                        Thompson, Jennifer M.",
      title          = "{QCD or What?}",
      journal        = "SciPost Phys.",
      volume         = "6",
      year           = "2019",
      number         = "3",
      pages          = "030",
      doi            = "10.21468/SciPostPhys.6.3.030",
      eprint         = "1808.08979",
      archivePrefix  = "arXiv",
      primaryClass   = "hep-ph",
      SLACcitation   = "%%CITATION = ARXIV:1808.08979;%%"
}

@article{Farina:2018fyg,
      author         = "Farina, Marco and Nakai, Yuichiro and Shih, David",
      title          = "{Searching for New Physics with Deep Autoencoders}",
      year           = "2018",
      eprint         = "1808.08992",
      archivePrefix  = "arXiv",
      primaryClass   = "hep-ph",
      SLACcitation   = "%%CITATION = ARXIV:1808.08992;%%"
}

@article{Nachman:2020lpy,
    author = "Nachman, Benjamin and Shih, David",
    title = "{Anomaly Detection with Density Estimation}",
    eprint = "2001.04990",
    archivePrefix = "arXiv",
    primaryClass = "hep-ph",
    doi = "10.1103/PhysRevD.101.075042",
    journal = "Phys. Rev. D",
    volume = "101",
    pages = "075042",
    year = "2020"
}

@techreport{Adorni:2647394,
      author        = "Adorni, Sofia and Calace, Noemi and Iordanidou, Kalliopi
                       and Jansky, Roland and Kajomovitz, Enrique and Murray, Bill
                       and Nindhito, Herjuno Rah and Nobe, Takuya and Okazaki,
                       Yuta and Schramm, Steven",
      title         = "{Search for diboson resonances with jets in 140 fb$^{-1}$
                       of $pp$ collisions at $\sqrt{s} = 13$~TeV with the ATLAS
                       detector}",
      institution   = "CERN",
      address       = "Geneva",
      number        = "ATL-COM-PHYS-2018-1580",
      month         = "Nov",
      year          = "2018",
      reportNumber  = "ATL-COM-PHYS-2018-1580",
      url           = "https://cds.cern.ch/record/2647394",
}
@article{Aaboud:2017eta,
      author         = "Aaboud, Morad and others",
      title          = "{Search for diboson resonances with boson-tagged jets in
                        $pp$ collisions at $\sqrt{s}=13$ TeV with the ATLAS
                        detector}",
      collaboration  = "ATLAS",
      journal        = "Phys. Lett.",
      volume         = "B777",
      year           = "2018",
      pages          = "91-113",
      doi            = "10.1016/j.physletb.2017.12.011",
      eprint         = "1708.04445",
      archivePrefix  = "arXiv",
      primaryClass   = "hep-ex",
      reportNumber   = "CERN-EP-2017-147",
      SLACcitation   = "%%CITATION = ARXIV:1708.04445;%%"
}
@article{Aad:2019fbh,
      author         = "Aad, Georges and others",
      title          = "{Search for diboson resonances in hadronic final states
                        in 139 fb$^{-1}$ of $pp$ collisions at $\sqrt{s} = 13$ TeV
                        with the ATLAS detector}",
      collaboration  = "ATLAS",
      journal        = "JHEP",
      volume         = "09",
      year           = "2019",
      pages          = "091",
      doi            = "10.1007/JHEP09(2019)091",
      eprint         = "1906.08589",
      archivePrefix  = "arXiv",
      primaryClass   = "hep-ex",
      reportNumber   = "CERN-EP-2019-044",
      SLACcitation   = "%%CITATION = ARXIV:1906.08589;%%"
}

@article{Kim:2019rhy,
      author         = "Kim, Jeong Han and Kong, Kyoungchul and Nachman, Benjamin
                        and Whiteson, Daniel",
      title          = "{The motivation and status of two-body resonance decays
                        after the LHC Run 2 and beyond}",
      year           = "2019",
      eprint         = "1907.06659",
      archivePrefix  = "arXiv",
      primaryClass   = "hep-ph",
      SLACcitation   = "%%CITATION = ARXIV:1907.06659;%%"
}

@article{Aaboud:2018kfi,
      author         = "Aaboud, Morad and others",
      title          = "{In situ calibration of large-radius jet energy and mass
                        in 13 TeV proton-proton collisions with the ATLAS
                        detector}",
      collaboration  = "ATLAS",
      journal        = "Eur. Phys. J.",
      volume         = "C79",
      year           = "2019",
      number         = "2",
      pages          = "135",
      doi            = "10.1140/epjc/s10052-019-6632-8",
      eprint         = "1807.09477",
      archivePrefix  = "arXiv",
      primaryClass   = "hep-ex",
      reportNumber   = "CERN-EP-2018-191",
      SLACcitation   = "%%CITATION = ARXIV:1807.09477;%%"
}
@article{LUCID2,
    author = "Avoni, G. and others",
    doi = "10.1088/1748-0221/13/07/P07017",
    journal = "JINST",
    number = "07",
    pages = "P07017",
    title = "{The new LUCID-2 detector for luminosity measurement and monitoring in ATLAS}",
    volume = "13",
    year = "2018"
}
@article{Krohn:2009th,
      author         = "Krohn, David and Thaler, Jesse and Wang, Lian-Tao",
      title          = "{Jet Trimming}",
      journal        = "JHEP",
      volume         = "02",
      year           = "2010",
      pages          = "084",
      doi            = "10.1007/JHEP02(2010)084",
      eprint         = "0912.1342",
      archivePrefix  = "arXiv",
      primaryClass   = "hep-ph",
      SLACcitation   = "%%CITATION = ARXIV:0912.1342;%%"
}
@article{Aad:2016upy,
      author         = "Aad, Georges and others",
      title          = "{Topological cell clustering in the ATLAS calorimeters
                        and its performance in LHC Run 1}",
      collaboration  = "ATLAS",
      journal        = "Eur. Phys. J.",
      volume         = "C77",
      year           = "2017",
      pages          = "490",
      doi            = "10.1140/epjc/s10052-017-5004-5",
      eprint         = "1603.02934",
      archivePrefix  = "arXiv",
      primaryClass   = "hep-ex",
      reportNumber   = "CERN-PH-EP-2015-304",
      SLACcitation   = "%%CITATION = ARXIV:1603.02934;%%"
}
@Misc{LArCaloPublicResultsUpgrade,
 title = "{Public Liquid-Argon Calorimeter Plots on Upgrade}",
 howpublished = "\url{https://twiki.cern.ch/twiki/bin/view/AtlasPublic/LArCaloPublicResultsUpgrade}"
}
@article{Abreu:2010zzc,
    author = "Abreu, H. and others",
    doi = "10.1088/1748-0221/5/09/P09003",
    journal = "JINST",
    pages = "P09003",
    title = "{Performance of the electronic readout of the ATLAS liquid argon calorimeters}",
    volume = "5",
    year = "2010"
}
@techreport{Solodkov:2114824,
      author        = "Solodkov, Alexander",
      title         = "{Performance of the ATLAS Tile Calorimeter}",
      institution   = "CERN",
      collaboration = "ATLAS",
      address       = "Geneva",
      number        = "ATL-TILECAL-PROC-2015-024",
      month         = "Dec",
      year          = "2015",
      reportNumber  = "ATL-TILECAL-PROC-2015-024",
      url           = "https://cds.cern.ch/record/2114824",
      doi           = "oai:cds.cern.ch:2114824",
}

@article{Aad:2019tso,
    author = "Aad, Georges and others",
    archivePrefix = "arXiv",
    collaboration = "ATLAS",
    doi = "10.1088/1748-0221/14/12/P12006",
    eprint = "1908.00005",
    journal = "JINST",
    number = "12",
    pages = "P12006",
    primaryClass = "hep-ex",
    reportNumber = "CERN-EP-2019-145",
    title = "{Electron and photon performance measurements with the ATLAS detector using the 2015--2017 LHC proton-proton collision data}",
    volume = "14",
    year = "2019"
}
@article{Aaboud:2019ynx,
    author = "Aaboud, Morad and others",
    archivePrefix = "arXiv",
    collaboration = "ATLAS",
    doi = "10.1140/epjc/s10052-019-7140-6",
    eprint = "1902.04655",
    journal = "Eur. Phys. J. C",
    number = "8",
    pages = "639",
    primaryClass = "physics.ins-det",
    reportNumber = "CERN-EP-2018-273",
    title = "{Electron reconstruction and identification in the ATLAS experiment using the 2015 and 2016 LHC proton-proton collision data at $\sqrt{s}$ = 13 TeV}",
    volume = "79",
    year = "2019"
}
@Article{PERF-2013-05,
    author = "Aad, Georges and others",
    archivePrefix = "arXiv",
    collaboration = "ATLAS",
    doi = "10.1140/epjc/s10052-014-3071-4",
    eprint = "1407.5063",
    journal = "Eur. Phys. J. C",
    number = "10",
    pages = "3071",
    primaryClass = "hep-ex",
    reportNumber = "CERN-PH-EP-2014-153",
    title = "{Electron and photon energy calibration with the ATLAS detector using LHC Run 1 data}",
    volume = "74",
    year = "2014"
}
@article{Aaboud:2018ugz,
    author = "Aaboud, Morad and others",
    archivePrefix = "arXiv",
    collaboration = "ATLAS",
    doi = "10.1088/1748-0221/14/03/P03017",
    eprint = "1812.03848",
    journal = "JINST",
    number = "03",
    pages = "P03017",
    primaryClass = "hep-ex",
    reportNumber = "CERN-EP-2018-296",
    title = "{Electron and photon energy calibration with the ATLAS detector using 2015--2016 LHC proton-proton collision data}",
    volume = "14",
    year = "2019"
}
@article{PERF-2013-04,
      author         = "{ATLAS Collaboration}",
      title          = "{Measurement of the photon identification efficiencies
                        with the ATLAS detector using LHC Run-1 data}",
      collaboration  = "ATLAS",
      journal        = "Eur. Phys. J. C",
      volume         = "76",
      year           = "2016",
      number         = "12",
      pages          = "666",
      doi            = "10.1140/epjc/s10052-016-4507-9",
      eprint         = "1606.01813",
      archivePrefix  = "arXiv",
      primaryClass   = "hep-ex",
      reportNumber   = "CERN-EP-2016-110",
      SLACcitation   = "%%CITATION = ARXIV:1606.01813;%%"
}
@article{Aaboud:2018yqu,
    author = "Aaboud, Morad and others",
    archivePrefix = "arXiv",
    collaboration = "ATLAS",
    doi = "10.1140/epjc/s10052-019-6650-6",
    eprint = "1810.05087",
    journal = "Eur. Phys. J. C",
    number = "3",
    pages = "205",
    primaryClass = "hep-ex",
    reportNumber = "CERN-EP-2018-216",
    title = "{Measurement of the photon identification efficiencies with the ATLAS detector using LHC Run 2 data collected in 2015 and 2016}",
    volume = "79",
    year = "2019"
}
@techreport{ATLAS-CONF-2016-024,
      title         = "{Electron efficiency measurements with the ATLAS detector
                       using the 2015 LHC proton-proton collision data}",
      institution   = "CERN",
      collaboration = "ATLAS",
      address       = "Geneva",
      number        = "ATLAS-CONF-2016-024",
      month         = "Jun",
      year          = "2016",
      reportNumber  = "ATLAS-CONF-2016-024",
      url           = "http://cds.cern.ch/record/2157687",
}
@article{Aad:2019aic,
    author = "Aad, Georges and others",
    archivePrefix = "arXiv",
    collaboration = "ATLAS",
    doi = "10.1140/epjc/s10052-019-7450-8",
    eprint = "1907.05120",
    journal = "Eur. Phys. J. C",
    number = "11",
    pages = "970",
    primaryClass = "hep-ex",
    reportNumber = "CERN-EP-2019-132",
    title = "{ATLAS b-jet identification performance and efficiency measurement with $t{\bar{t}}$ events in pp collisions at $\sqrt{s}=13$ TeV}",
    volume = "79",
    year = "2019"
}
@article{Aaboud:2018xwy,
    author = "Aaboud, Morad and others",
    archivePrefix = "arXiv",
    collaboration = "ATLAS",
    doi = "10.1007/JHEP08(2018)089",
    eprint = "1805.01845",
    journal = "JHEP",
    pages = "089",
    primaryClass = "hep-ex",
    reportNumber = "CERN-EP-2018-047",
    title = "{Measurements of b-jet tagging efficiency with the ATLAS detector using $ t\overline{t} $ events at $ \sqrt{s}=13 $ TeV}",
    volume = "08",
    year = "2018"
}
@article{Aad:2015ydr,
    author = "Aad, Georges and others",
    archivePrefix = "arXiv",
    collaboration = "ATLAS",
    doi = "10.1088/1748-0221/11/04/P04008",
    eprint = "1512.01094",
    journal = "JINST",
    number = "04",
    pages = "P04008",
    primaryClass = "hep-ex",
    reportNumber = "CERN-PH-EP-2015-216",
    title = "{Performance of $b$-Jet Identification in the ATLAS Experiment}",
    volume = "11",
    year = "2016"
}
@techreport{ATL-PHYS-PUB-2017-013,
      title         = "{Optimisation and performance studies of the ATLAS
                       $b$-tagging algorithms for the 2017-18 LHC run}",
      institution   = "CERN",
      collaboration = "ATLAS",
      address       = "Geneva",
      number        = "ATL-PHYS-PUB-2017-013",
      month         = "Jul",
      year          = "2017",
      reportNumber  = "ATL-PHYS-PUB-2017-013",
      url           = "https://cds.cern.ch/record/2273281",
}
@techreport{ATL-PHYS-PUB-2017-011,
      title         = "{Secondary vertex finding for jet flavour identification
                       with the ATLAS detector}",
      institution   = "CERN",
      collaboration = "ATLAS",
      address       = "Geneva",
      number        = "ATL-PHYS-PUB-2017-011",
      month         = "Jun",
      year          = "2017",
      reportNumber  = "ATL-PHYS-PUB-2017-011",
      url           = "https://cds.cern.ch/record/2270366",
}
@techreport{ATL-PHYS-PUB-2018-025,
      title         = "{Topological $b$-hadron decay reconstruction and
                       identification of $b$-jets with the JetFitter package in
                       the ATLAS experiment at the LHC}",
      institution   = "CERN",
      collaboration = "ATLAS",
      address       = "Geneva",
      number        = "ATL-PHYS-PUB-2018-025",
      month         = "Oct",
      year          = "2018",
      reportNumber  = "ATL-PHYS-PUB-2018-025",
      url           = "https://cds.cern.ch/record/2645405",
}
@article{Aad:2014rga,
    author = "Aad, Georges and others",
    archivePrefix = "arXiv",
    collaboration = "ATLAS",
    doi = "10.1140/epjc/s10052-015-3500-z",
    eprint = "1412.7086",
    journal = "Eur. Phys. J. C",
    number = "7",
    pages = "303",
    primaryClass = "hep-ex",
    reportNumber = "CERN-PH-EP-2014-227",
    title = "{Identification and energy calibration of hadronically decaying tau leptons with the ATLAS experiment in $pp$ collisions at $\sqrt{s}$=8 TeV}",
    volume = "75",
    year = "2015"
}
@techreport{ATL-PHYS-PUB-2015-045,
      title         = "{Reconstruction, Energy Calibration, and Identification of
                       Hadronically Decaying Tau Leptons in the ATLAS Experiment
                       for Run-2 of the LHC}",
      collaboration = "ATLAS",
      institution   = "CERN",
      address       = "Geneva",
      number        = "ATL-PHYS-PUB-2015-045",
      month         = "Nov",
      year          = "2015",
      reportNumber  = "ATL-PHYS-PUB-2015-045",
      url           = "https://cds.cern.ch/record/2064383",
}
@article{Aad:2015unr,
    author = "Aad, Georges and others",
    archivePrefix = "arXiv",
    collaboration = "ATLAS",
    doi = "10.1140/epjc/s10052-016-4110-0",
    eprint = "1512.05955",
    journal = "Eur. Phys. J. C",
    number = "5",
    pages = "295",
    primaryClass = "hep-ex",
    reportNumber = "CERN-PH-EP-2015-294",
    title = "{Reconstruction of hadronic decay products of tau leptons with the ATLAS experiment}",
    volume = "76",
    year = "2016"
}
@techreport{ATLAS-CONF-2017-029,
      title         = "{Measurement of the tau lepton reconstruction and
                       identification performance in the ATLAS experiment using
                       $pp$ collisions at $\sqrt{s}=13~{\rm TeV}$}",
      institution   = "CERN",
      collaboration = "ATLAS",
      address       = "Geneva",
      number        = "ATLAS-CONF-2017-029",
      month         = "May",
      year          = "2017",
      reportNumber  = "ATLAS-CONF-2017-029",
      url           = "http://cds.cern.ch/record/2261772",
}
@article{Aad:2016jkr,
    author = "Aad, Georges and others",
    archivePrefix = "arXiv",
    collaboration = "ATLAS",
    doi = "10.1140/epjc/s10052-016-4120-y",
    eprint = "1603.05598",
    journal = "Eur. Phys. J. C",
    number = "5",
    pages = "292",
    primaryClass = "hep-ex",
    reportNumber = "CERN-EP-2016-033",
    title = "{Muon reconstruction performance of the ATLAS detector in proton--proton collision data at $\sqrt{s}$ =13 TeV}",
    volume = "76",
    year = "2016"
}
@article{Aad:2014rra,
    author = "Aad, Georges and others",
    archivePrefix = "arXiv",
    collaboration = "ATLAS",
    doi = "10.1140/epjc/s10052-014-3130-x",
    eprint = "1407.3935",
    journal = "Eur. Phys. J. C",
    number = "11",
    pages = "3130",
    primaryClass = "hep-ex",
    reportNumber = "CERN-PH-EP-2014-151",
    title = "{Measurement of the muon reconstruction performance of the ATLAS detector using 2011 and 2012 LHC proton--proton collision data}",
    volume = "74",
    year = "2014"
}

@article{Aad:2012re,
    author = "Aad, Georges and others",
    archivePrefix = "arXiv",
    collaboration = "ATLAS",
    doi = "10.1140/epjc/s10052-011-1844-6",
    eprint = "1108.5602",
    journal = "Eur. Phys. J. C",
    pages = "1844",
    primaryClass = "hep-ex",
    reportNumber = "CERN-PH-EP-2011-114",
    title = "{Performance of Missing Transverse Momentum Reconstruction in Proton-Proton Collisions at 7 TeV with ATLAS}",
    volume = "72",
    year = "2012"
}
@article{Aad:2016nrq,
    author = "Aad, G. and others",
    archivePrefix = "arXiv",
    collaboration = "ATLAS",
    doi = "10.1140/epjc/s10052-017-4780-2",
    eprint = "1609.09324",
    journal = "Eur. Phys. J. C",
    number = "4",
    pages = "241",
    primaryClass = "hep-ex",
    reportNumber = "CERN-EP-2016-134",
    title = "{Performance of algorithms that reconstruct missing transverse momentum in $\sqrt{s}=$ 8 TeV proton-proton collisions in the ATLAS detector}",
    volume = "77",
    year = "2017"
}
@article{Aaboud:2018tkc,
    author = "Aaboud, Morad and others",
    archivePrefix = "arXiv",
    collaboration = "ATLAS",
    doi = "10.1140/epjc/s10052-018-6288-9",
    eprint = "1802.08168",
    journal = "Eur. Phys. J. C",
    number = "11",
    pages = "903",
    primaryClass = "hep-ex",
    reportNumber = "CERN-EP-2017-274",
    title = "{Performance of missing transverse momentum reconstruction with the ATLAS detector using proton-proton collisions at $\sqrt{s}$ = 13 TeV}",
    volume = "78",
    year = "2018"
}
@techreport{ATLAS-CONF-2018-023,
      title         = "{$E_{\text{T}}^{\text{miss}}$ performance in the ATLAS
                       detector using 2015-2016 LHC p-p collisions}",
      institution   = "CERN",
      collaboration = "ATLAS",
      address       = "Geneva",
      number        = "ATLAS-CONF-2018-023",
      month         = "Jun",
      year          = "2018",
      reportNumber  = "ATLAS-CONF-2018-023",
      url           = "http://cds.cern.ch/record/2625233",
}
@techreport{ATLAS-CONF-2018-038,
      title         = "{Object-based missing transverse momentum significance in
                       the ATLAS detector}",
      institution   = "CERN",
      collaboration = "ATLAS",
      address       = "Geneva",
      number        = "ATLAS-CONF-2018-038",
      month         = "Jul",
      year          = "2018",
      reportNumber  = "ATLAS-CONF-2018-038",
      url           = "http://cds.cern.ch/record/2630948",
}
@techreport{ATL-PHYS-PUB-2019-028,
      title         = "{Convolutional Neural Networks with Event Images for
                       Pileup Mitigation with the ATLAS Detector}",
      institution   = "CERN",
      collaboration = "ATLAS",
      address       = "Geneva",
      number        = "ATL-PHYS-PUB-2019-028",
      month         = "Jul",
      year          = "2019",
      reportNumber  = "ATL-PHYS-PUB-2019-028",
      url           = "http://cds.cern.ch/record/2684070",
}

@techreport{ATLAS-CONF-2016-008,
      title         = "{Measurement of large radius jet mass reconstruction
                       performance at $\sqrt{s}=8$ TeV using the ATLAS detector}",
      institution   = "CERN",
      address       = "Geneva",
      number        = "ATLAS-CONF-2016-008",
      month         = "Mar",
      year          = "2016",
      reportNumber  = "ATLAS-CONF-2016-008",
      url           = "https://cds.cern.ch/record/2139642",
}
@techreport{ATLAS-CONF-2016-035,
      title         = "{Jet mass reconstruction with the ATLAS Detector in early
                       Run 2 data}",
      institution   = "CERN",
      collaboration = "ATLAS Collaboration",
      address       = "Geneva",
      number        = "ATLAS-CONF-2016-035",
      month         = "Jul",
      year          = "2016",
      reportNumber  = "ATLAS-CONF-2016-035",
      url           = "http://cds.cern.ch/record/2200211",
}
@article{Elder:2018mcr,
    author = "Elder, Benjamin T. and Thaler, Jesse",
    archivePrefix = "arXiv",
    doi = "10.1007/JHEP03(2019)104",
    eprint = "1805.11109",
    journal = "JHEP",
    pages = "104",
    primaryClass = "hep-ph",
    reportNumber = "MIT-CTP/5021, MIT-CTP-5021",
    title = "{Aspects of Track-Assisted Mass}",
    volume = "03",
    year = "2019"
}

@article{Aaboud:2018zba,
      author         = "Aaboud, Morad and others",
      title          = "{Search for light resonances decaying to boosted quark
                        pairs and produced in association with a photon or a jet
                        in proton-proton collisions at $\sqrt{s}=13$ TeV with the
                        ATLAS detector}",
      collaboration  = "ATLAS",
      journal        = "Phys. Lett.",
      volume         = "B788",
      year           = "2019",
      pages          = "316-335",
      doi            = "10.1016/j.physletb.2018.09.062",
      eprint         = "1801.08769",
      archivePrefix  = "arXiv",
      primaryClass   = "hep-ex",
      reportNumber   = "CERN-EP-2017-280",
      SLACcitation   = "%%CITATION = ARXIV:1801.08769;%%"
}
@article{Aaboud:2018fzt,
      author         = "Aaboud, M. and others",
      title          = "{Search for low-mass dijet resonances using trigger-level
                        jets with the ATLAS detector in $pp$ collisions at
                        $\sqrt{s}=13$ TeV}",
      collaboration  = "ATLAS",
      journal        = "Phys. Rev. Lett.",
      volume         = "121",
      year           = "2018",
      number         = "8",
      pages          = "081801",
      doi            = "10.1103/PhysRevLett.121.081801",
      eprint         = "1804.03496",
      archivePrefix  = "arXiv",
      primaryClass   = "hep-ex",
      reportNumber   = "CERN-EP-2018-033",
      SLACcitation   = "%%CITATION = ARXIV:1804.03496;%%"
}
@article{Metodiev:2017vrx,
      author         = "Metodiev, Eric M. and Nachman, Benjamin and Thaler,
                        Jesse",
      title          = "{Classification without labels: Learning from mixed
                        samples in high energy physics}",
      journal        = "JHEP",
      volume         = "10",
      year           = "2017",
      pages          = "174",
      doi            = "10.1007/JHEP10(2017)174",
      eprint         = "1708.02949",
      archivePrefix  = "arXiv",
      primaryClass   = "hep-ph",
      reportNumber   = "MIT--CTP-4922",
      SLACcitation   = "%%CITATION = ARXIV:1708.02949;%%"
}
@article{Aaboud:2018eoy,
      author         = "Aaboud, Morad and others",
      title          = "{Search for a heavy Higgs boson decaying into a $Z$ boson
                        and another heavy Higgs boson in the $\ell\ell bb$ final
                        state in $pp$ collisions at $\sqrt{s}=13$ TeV with the
                        ATLAS detector}",
      collaboration  = "ATLAS",
      journal        = "Phys. Lett.",
      volume         = "B783",
      year           = "2018",
      pages          = "392-414",
      doi            = "10.1016/j.physletb.2018.07.006",
      eprint         = "1804.01126",
      archivePrefix  = "arXiv",
      primaryClass   = "hep-ex",
      reportNumber   = "CERN-EP-2018-030",
      SLACcitation   = "%%CITATION = ARXIV:1804.01126;%%"
}
@article{Aaboud:2018aqj,
      author         = "Aaboud, Morad and others",
      title          = "{Search for long-lived particles produced in $pp$
                        collisions at $\sqrt{s}=13$ TeV that decay into displaced
                        hadronic jets in the ATLAS muon spectrometer}",
      collaboration  = "ATLAS",
      journal        = "Submitted to: Phys. Rev.",
      year           = "2018",
      eprint         = "1811.07370",
      archivePrefix  = "arXiv",
      primaryClass   = "hep-ex",
      reportNumber   = "CERN-EP-2018-241",
      SLACcitation   = "%%CITATION = ARXIV:1811.07370;%%"
}
@article{Craig:2016rqv,
      author         = "Craig, Nathaniel and Draper, Patrick and Kong, Kyoungchul
                        and Ng, Yvonne and Whiteson, Daniel",
      title          = "{The unexplored landscape of two-body resonances}",
      journal        = "Acta Phys. Polon.",
      volume         = "B50",
      year           = "2019",
      pages          = "837",
      doi            = "10.5506/APhysPolB.50.837",
      eprint         = "1610.09392",
      archivePrefix  = "arXiv",
      primaryClass   = "hep-ph",
      reportNumber   = "PITT-PACC-1610",
      SLACcitation   = "%%CITATION = ARXIV:1610.09392;%%"
}
@article{Aaboud:2017ecz,
      author         = "Aaboud, Morad and others",
      title          = "{A search for resonances decaying into a Higgs boson and
                        a new particle $X$ in the $XH \to qqbb$ final state with
                        the ATLAS detector}",
      collaboration  = "ATLAS",
      journal        = "Phys. Lett.",
      volume         = "B779",
      year           = "2018",
      pages          = "24-45",
      doi            = "10.1016/j.physletb.2018.01.042",
      eprint         = "1709.06783",
      archivePrefix  = "arXiv",
      primaryClass   = "hep-ex",
      reportNumber   = "CERN-EP-2017-204",
      SLACcitation   = "%%CITATION = ARXIV:1709.06783;%%"
}
@article{Aaboud:2017ahz,
      author         = "Aaboud, Morad and others",
      title          = "{Search for heavy resonances decaying to a $W$ or $Z$
                        boson and a Higgs boson in the
                        $q\bar{q}^{(\prime)}b\bar{b}$ final state in $pp$
                        collisions at $\sqrt{s} = 13$ TeV with the ATLAS
                        detector}",
      collaboration  = "ATLAS",
      journal        = "Phys. Lett.",
      volume         = "B774",
      year           = "2017",
      pages          = "494-515",
      doi            = "10.1016/j.physletb.2017.09.066",
      eprint         = "1707.06958",
      archivePrefix  = "arXiv",
      primaryClass   = "hep-ex",
      reportNumber   = "CERN-EP-2017-111",
      SLACcitation   = "%%CITATION = ARXIV:1707.06958;%%"
}
@article{Aaboud:2016okv,
      author         = "Aaboud, Morad and others",
      title          = "{Searches for heavy diboson resonances in $pp$ collisions
                        at $\sqrt{s}=13$ TeV with the ATLAS detector}",
      collaboration  = "ATLAS",
      journal        = "JHEP",
      volume         = "09",
      year           = "2016",
      pages          = "173",
      doi            = "10.1007/JHEP09(2016)173",
      eprint         = "1606.04833",
      archivePrefix  = "arXiv",
      primaryClass   = "hep-ex",
      reportNumber   = "CERN-EP-2016-106",
      SLACcitation   = "%%CITATION = ARXIV:1606.04833;%%"
}
@article{Aaboud:2017itg,
      author         = "Aaboud, Morad and others",
      title          = "{Searches for heavy $ZZ$ and $ZW$ resonances in the
                        $\ell\ell qq$ and $\nu\nu qq$ final states in $pp$
                        collisions at $\sqrt{s}=13$ TeV with the ATLAS detector}",
      collaboration  = "ATLAS",
      journal        = "JHEP",
      volume         = "03",
      year           = "2018",
      pages          = "009",
      doi            = "10.1007/JHEP03(2018)009",
      eprint         = "1708.09638",
      archivePrefix  = "arXiv",
      primaryClass   = "hep-ex",
      reportNumber   = "CERN-EP-2017-146",
      SLACcitation   = "%%CITATION = ARXIV:1708.09638;%%"
}
@article{Aaboud:2017fgj,
      author         = "Aaboud, Morad and others",
      title          = "{Search for $WW/WZ$ resonance production in $\ell \nu qq$
                        final states in $pp$ collisions at $\sqrt{s} =$ 13 TeV
                        with the ATLAS detector}",
      collaboration  = "ATLAS",
      journal        = "JHEP",
      volume         = "03",
      year           = "2018",
      pages          = "042",
      doi            = "10.1007/JHEP03(2018)042",
      eprint         = "1710.07235",
      archivePrefix  = "arXiv",
      primaryClass   = "hep-ex",
      reportNumber   = "CERN-EP-2017-223",
      SLACcitation   = "%%CITATION = ARXIV:1710.07235;%%"
}
@article{Aaboud:2017cxo,
      author         = "Aaboud, Morad and others",
      title          = "{Search for heavy resonances decaying into a $W$ or $Z$
                        boson and a Higgs boson in final states with leptons and
                        $b$-jets in 36 fb$^{-1}$ of $\sqrt s = 13$ TeV $pp$
                        collisions with the ATLAS detector}",
      collaboration  = "ATLAS",
      journal        = "JHEP",
      volume         = "03",
      year           = "2018",
      pages          = "174",
      doi            = "10.1007/JHEP11(2018)051, 10.1007/JHEP03(2018)174",
      note           = "[Erratum: JHEP11,051(2018)]",
      eprint         = "1712.06518",
      archivePrefix  = "arXiv",
      primaryClass   = "hep-ex",
      reportNumber   = "CERN-EP-2017-250",
      SLACcitation   = "%%CITATION = ARXIV:1712.06518;%%"
}
@article{Aaboud:2018juj,
      author         = "Aaboud, Morad and others",
      title          = "{Search for $W' \rightarrow tb$ decays in the hadronic
                        final state using pp collisions at $\sqrt{s}=13$ TeV with
                        the ATLAS detector}",
      collaboration  = "ATLAS",
      journal        = "Phys. Lett.",
      volume         = "B781",
      year           = "2018",
      pages          = "327-348",
      doi            = "10.1016/j.physletb.2018.03.036",
      eprint         = "1801.07893",
      archivePrefix  = "arXiv",
      primaryClass   = "hep-ex",
      reportNumber   = "CERN-EP-2017-340",
      SLACcitation   = "%%CITATION = ARXIV:1801.07893;%%"
}
@article{Aaboud:2018knk,
      author         = "Aaboud, Morad and others",
      title          = "{Search for pair production of Higgs bosons in the
                        $b\bar{b}b\bar{b}$ final state using proton-proton
                        collisions at $\sqrt{s} = 13$ TeV with the ATLAS
                        detector}",
      collaboration  = "ATLAS",
      journal        = "JHEP",
      volume         = "01",
      year           = "2019",
      pages          = "030",
      doi            = "10.1007/JHEP01(2019)030",
      eprint         = "1804.06174",
      archivePrefix  = "arXiv",
      primaryClass   = "hep-ex",
      reportNumber   = "CERN-EP-2018-029",
      SLACcitation   = "%%CITATION = ARXIV:1804.06174;%%"
}
@article{Aaboud:2017sjh,
      author         = "Aaboud, Morad and others",
      title          = "{Search for additional heavy neutral Higgs and gauge
                        bosons in the ditau final state produced in 36 fb$^{-1}$
                        of pp collisions at $ \sqrt{s}=13 $ TeV with the ATLAS
                        detector}",
      collaboration  = "ATLAS",
      journal        = "JHEP",
      volume         = "01",
      year           = "2018",
      pages          = "055",
      doi            = "10.1007/JHEP01(2018)055",
      eprint         = "1709.07242",
      archivePrefix  = "arXiv",
      primaryClass   = "hep-ex",
      reportNumber   = "CERN-EP-2017-199",
      SLACcitation   = "%%CITATION = ARXIV:1709.07242;%%"
}
@article{Aaboud:2016cre,
      author         = "Aaboud, Morad and others",
      title          = "{Search for Minimal Supersymmetric Standard Model Higgs
                        bosons $H/A$ and for a $Z^{\prime}$ boson in the $\tau
                        \tau$ final state produced in $pp$ collisions at
                        $\sqrt{s}=13$ TeV with the ATLAS Detector}",
      collaboration  = "ATLAS",
      journal        = "Eur. Phys. J.",
      volume         = "C76",
      year           = "2016",
      number         = "11",
      pages          = "585",
      doi            = "10.1140/epjc/s10052-016-4400-6",
      eprint         = "1608.00890",
      archivePrefix  = "arXiv",
      primaryClass   = "hep-ex",
      reportNumber   = "CERN-EP-2016-164",
      SLACcitation   = "%%CITATION = ARXIV:1608.00890;%%"
}
@article{Aaboud:2018mjh,
      author         = "Aaboud, Morad and others",
      title          = "{Search for heavy particles decaying into top-quark pairs
                        using lepton-plus-jets events in proton-proton
                        collisions at $\sqrt{s} = 13$   $\text {TeV}$ with the
                        ATLAS detector}",
      collaboration  = "ATLAS",
      journal        = "Eur. Phys. J.",
      volume         = "C78",
      year           = "2018",
      number         = "7",
      pages          = "565",
      doi            = "10.1140/epjc/s10052-018-5995-6",
      eprint         = "1804.10823",
      archivePrefix  = "arXiv",
      primaryClass   = "hep-ex",
      reportNumber   = "CERN-EP-2018-48, CERN-EP-2018-048",
      SLACcitation   = "%%CITATION = ARXIV:1804.10823;%%"
}
@article{Aaboud:2016nbq,
      author         = "Aaboud, Morad and others",
      title          = "{Search for resonances in the mass distribution of jet
                        pairs with one or two jets identified as $b$-jets in
                        proton-proton collisions at $\sqrt{s}=13$ TeV with the
                        ATLAS detector}",
      collaboration  = "ATLAS",
      journal        = "Phys. Lett.",
      volume         = "B759",
      year           = "2016",
      pages          = "229-246",
      doi            = "10.1016/j.physletb.2016.05.064",
      eprint         = "1603.08791",
      archivePrefix  = "arXiv",
      primaryClass   = "hep-ex",
      reportNumber   = "CERN-EP-2016-066, CERN-EP-2016-66",
      SLACcitation   = "%%CITATION = ARXIV:1603.08791;%%"
}
@article{Aaboud:2018tqo,
      author         = "Aaboud, Morad and others",
      title          = "{Search for resonances in the mass distribution of jet
                        pairs with one or two jets identified as $b$-jets in
                        proton-proton collisions at $\sqrt{s}=13$ TeV with the
                        ATLAS detector}",
      collaboration  = "ATLAS",
      journal        = "Phys. Rev.",
      volume         = "D98",
      year           = "2018",
      pages          = "032016",
      doi            = "10.1103/PhysRevD.98.032016",
      eprint         = "1805.09299",
      archivePrefix  = "arXiv",
      primaryClass   = "hep-ex",
      reportNumber   = "CERN-EP-2018-075",
      SLACcitation   = "%%CITATION = ARXIV:1805.09299;%%"
}
@article{Aaboud:2017yvp,
      author         = "Aaboud, Morad and others",
      title          = "{Search for new phenomena in dijet events using 37
                        fb$^{-1}$ of $pp$ collision data collected at
                        $\sqrt{s}=$13 TeV with the ATLAS detector}",
      collaboration  = "ATLAS",
      journal        = "Phys. Rev.",
      volume         = "D96",
      year           = "2017",
      number         = "5",
      pages          = "052004",
      doi            = "10.1103/PhysRevD.96.052004",
      eprint         = "1703.09127",
      archivePrefix  = "arXiv",
      primaryClass   = "hep-ex",
      reportNumber   = "CERN-EP-2017-042",
      SLACcitation   = "%%CITATION = ARXIV:1703.09127;%%"
}
@article{ATLAS:2015nsi,
      author         = "Aad, Georges and others",
      title          = "{Search for new phenomena in dijet mass and angular
                        distributions from $pp$ collisions at $\sqrt{s}=$ 13 TeV
                        with the ATLAS detector}",
      collaboration  = "ATLAS",
      journal        = "Phys. Lett.",
      volume         = "B754",
      year           = "2016",
      pages          = "302-322",
      doi            = "10.1016/j.physletb.2016.01.032",
      eprint         = "1512.01530",
      archivePrefix  = "arXiv",
      primaryClass   = "hep-ex",
      reportNumber   = "CERN-PH-EP-2015-311",
      SLACcitation   = "%%CITATION = ARXIV:1512.01530;%%"
}
@article{Aad:2014aqa,
      author         = "Aad, Georges and others",
      title          = "{Search for new phenomena in the dijet mass distribution
                        using $p-p$ collision data at $\sqrt{s}=8$ TeV with the
                        ATLAS detector}",
      collaboration  = "ATLAS",
      journal        = "Phys. Rev.",
      volume         = "D91",
      year           = "2015",
      number         = "5",
      pages          = "052007",
      doi            = "10.1103/PhysRevD.91.052007",
      eprint         = "1407.1376",
      archivePrefix  = "arXiv",
      primaryClass   = "hep-ex",
      reportNumber   = "CERN-PH-EP-2014-147",
      SLACcitation   = "%%CITATION = ARXIV:1407.1376;%%"
}
@article{Aad:2010ae,
      author         = "Aad, G. and others",
      title          = "{Search for New Particles in Two-Jet Final States in 7
                        TeV Proton-Proton Collisions with the ATLAS Detector at
                        the LHC}",
      collaboration  = "ATLAS",
      journal        = "Phys. Rev. Lett.",
      volume         = "105",
      year           = "2010",
      pages          = "161801",
      doi            = "10.1103/PhysRevLett.105.161801",
      eprint         = "1008.2461",
      archivePrefix  = "arXiv",
      primaryClass   = "hep-ex",
      reportNumber   = "CERN-PH-EP-2010-028",
      SLACcitation   = "%%CITATION = ARXIV:1008.2461;%%"
}
@article{Aad:2011aj,
      author         = "Aad, Georges and others",
      title          = "{Search for New Physics in Dijet Mass and Angular
                        Distributions in pp Collisions at $\sqrt{s} = 7$ TeV
                        Measured with the ATLAS Detector}",
      collaboration  = "ATLAS",
      journal        = "New J. Phys.",
      volume         = "13",
      year           = "2011",
      pages          = "053044",
      doi            = "10.1088/1367-2630/13/5/053044",
      eprint         = "1103.3864",
      archivePrefix  = "arXiv",
      primaryClass   = "hep-ex",
      reportNumber   = "CERN-PH-EP-2011-030",
      SLACcitation   = "%%CITATION = ARXIV:1103.3864;%%"
}
@article{Aad:2011fq,
      author         = "Aad, Georges and others",
      title          = "{Search for New Physics in the Dijet Mass Distribution
                        using 1 fb$^{-1}$ of $pp$ Collision Data at $\sqrt{s}=$7
                        TeV collected by the ATLAS Detector}",
      collaboration  = "ATLAS",
      journal        = "Phys. Lett.",
      volume         = "B708",
      year           = "2012",
      pages          = "37-54",
      doi            = "10.1016/j.physletb.2012.01.035",
      eprint         = "1108.6311",
      archivePrefix  = "arXiv",
      primaryClass   = "hep-ex",
      reportNumber   = "CERN-PH-EP-2011-127",
      SLACcitation   = "%%CITATION = ARXIV:1108.6311;%%"
}
@article{Cohen:2017exh,
      author         = "Cohen, Timothy and Freytsis, Marat and Ostdiek, Bryan",
      title          = "{(Machine) Learning to Do More with Less}",
      journal        = "JHEP",
      volume         = "02",
      year           = "2018",
      pages          = "034",
      doi            = "10.1007/JHEP02(2018)034",
      eprint         = "1706.09451",
      archivePrefix  = "arXiv",
      primaryClass   = "hep-ph",
      SLACcitation   = "%%CITATION = ARXIV:1706.09451;%%"
}
@article{Komiske:2018oaa,
      author         = "Komiske, Patrick T. and Metodiev, Eric M. and Nachman,
                        Benjamin and Schwartz, Matthew D.",
      title          = "{Learning to classify from impure samples with
                        high-dimensional data}",
      journal        = "Phys. Rev.",
      volume         = "D98",
      year           = "2018",
      number         = "1",
      pages          = "011502",
      doi            = "10.1103/PhysRevD.98.011502",
      eprint         = "1801.10158",
      archivePrefix  = "arXiv",
      primaryClass   = "hep-ph",
      reportNumber   = "MIT-CTP-4968, MIT-CTP 4968",
      SLACcitation   = "%%CITATION = ARXIV:1801.10158;%%"
}
@article{Dery:2017fap,
      author         = "Dery, Lucio Mwinmaarong and Nachman, Benjamin and Rubbo,
                        Francesco and Schwartzman, Ariel",
      title          = "{Weakly Supervised Classification in High Energy
                        Physics}",
      journal        = "JHEP",
      volume         = "05",
      year           = "2017",
      pages          = "145",
      doi            = "10.1007/JHEP05(2017)145",
      eprint         = "1702.00414",
      archivePrefix  = "arXiv",
      primaryClass   = "hep-ph",
      SLACcitation   = "%%CITATION = ARXIV:1702.00414;%%"
}
@techreport{Nachman:2259091,
      author        = "Nachman, Benjamin Philip and Shapiro, Marjorie and Rubbo,
                       Francesco",
      title         = "{Properties of Jet Fragmentation with the ATLAS detector
                       at $\sqrt{s}=13$ TeV}",
      institution   = "CERN",
      address       = "Geneva",
      number        = "ATL-COM-PHYS-2017-375",
      month         = "Apr",
      year          = "2017",
      reportNumber  = "ATL-COM-PHYS-2017-375",
      url           = "https://cds.cern.ch/record/2259091",
}
@inproceedings{Adye:2011gm,
      author         = "Adye, Tim",
      title          = "{Unfolding algorithms and tests using RooUnfold}",
      booktitle      = "{Proceedings, PHYSTAT 2011 Workshop on Statistical Issues
                        Related to Discovery Claims in Search Experiments and
                        Unfolding, CERN,Geneva, Switzerland 17-20 January 2011}",
      organization   = "CERN",
      publisher      = "CERN",
      address        = "Geneva",
      year           = "2011",
      pages          = "313-318",
      doi            = "10.5170/CERN-2011-006.313",
      eprint         = "1105.1160",
      archivePrefix  = "arXiv",
      primaryClass   = "physics.data-an",
      SLACcitation   = "%%CITATION = ARXIV:1105.1160;%%"
}

@article{DAgostini:1994zf,
      author         = "D'Agostini, G.",
      title          = "{A multidimensional unfolding method based on Bayes' theorem}",
      journal        = "Nucl. Instrum. Meth. A",
      volume         = "362",
      pages          = "487-498",
      doi            = "10.1016/0168-9002(95)00274-X",
      year           = "1995",
      reportNumber   = "DESY-94-099",
      SLACcitation   = "%%CITATION = NUIMA,A362,487;%%",
}

@techreport{Nachman:1728288,
      author        = "Nachman, B and Swiatlowski, M and Schwartzman, A and
                       Mateos, D and Schwartz, M and Joshi, K and Peters, Y and
                       Neep, Thomas James",
      title         = "{Measurement of Color Flow in $t\bar{t}$}",
      institution   = "CERN",
      address       = "Geneva",
      number        = "ATL-COM-PHYS-2014-767",
      month         = "Jul",
      year          = "2014",
      reportNumber  = "ATL-COM-PHYS-2014-767",
      url           = "https://cds.cern.ch/record/1728288",
}
@article{Catani:2001cc,
      author         = "Catani, S. and Krauss, F. and Kuhn, R. and Webber, B. R.",
      title          = "{QCD Matrix Elements + Parton Showers}",
      journal        = "JHEP",
      volume         = "11",
      year           = "2001",
      pages          = "063",
      doi            = "10.1088/1126-6708/2001/11/063",
      eprint         = "hep-ph/0109231",
      archivePrefix  = "arXiv",
      primaryClass   = "hep-ph",
      reportNumber   = "CERN-TH-2000-367, CAVENDISH-HEP-00-03",
      SLACcitation   = "%%CITATION = HEP-PH/0109231;%%"
}

@article{Aad:2020cws,
    author = "Aad, Georges and others",
    collaboration = "ATLAS",
    title = "{Dijet resonance search with weak supervision using $\sqrt{s}=13$ TeV $pp$ collisions in the ATLAS detector}",
    eprint = "2005.02983",
    archivePrefix = "arXiv",
    primaryClass = "hep-ex",
    reportNumber = "CERN-EP-2020-062",
    month = "5",
    year = "2020"
}
@article{Collins:2019jip,
      author         = "Collins, Jack H. and Howe, Kiel and Nachman, Benjamin",
      title          = "{Extending the search for new resonances with machine
                        learning}",
      journal        = "Phys. Rev.",
      volume         = "D99",
      year           = "2019",
      number         = "1",
      pages          = "014038",
      doi            = "10.1103/PhysRevD.99.014038",
      eprint         = "1902.02634",
      archivePrefix  = "arXiv",
      primaryClass   = "hep-ph",
      reportNumber   = "FERMILAB-PUB-18-733-T",
      SLACcitation   = "%%CITATION = ARXIV:1902.02634;%%"
}
@article{Collins:2018epr,
      author         = "Collins, Jack H. and Howe, Kiel and Nachman, Benjamin",
      title          = "{Anomaly Detection for Resonant New Physics with Machine
                        Learning}",
      journal        = "Phys. Rev. Lett.",
      volume         = "121",
      year           = "2018",
      number         = "24",
      pages          = "241803",
      doi            = "10.1103/PhysRevLett.121.241803",
      eprint         = "1805.02664",
      archivePrefix  = "arXiv",
      primaryClass   = "hep-ph",
      reportNumber   = "FERMILAB-PUB-18-180-T",
      SLACcitation   = "%%CITATION = ARXIV:1805.02664;%%"
}
@misc{NPKI_CWoLa_Hunting,
    author="Collins, Jack",
    title="{CWoLa Hunting: Data-driven anomaly detection for new physics at the LHC}",
    howpublished = "\url{https://indico.cern.ch/event/558411/contributions/3420889/}",
    month        = "May",
    year         = "2019",
}
@article{Thaler:2010tr,
      author         = "Thaler, Jesse and Van Tilburg, Ken",
      title          = "{Identifying Boosted Objects with N-subjettiness}",
      journal        = "JHEP",
      volume         = "03",
      year           = "2011",
      pages          = "015",
      doi            = "10.1007/JHEP03(2011)015",
      eprint         = "1011.2268",
      archivePrefix  = "arXiv",
      primaryClass   = "hep-ph",
      reportNumber   = "MIT-CTP-4191",
      SLACcitation   = "%%CITATION = ARXIV:1011.2268;%%"
}
@misc{chollet2015keras,
      title={Keras},
      author={Chollet, Fran\c{c}ois and others},
      year={2015},
      howpublished={\url{https://keras.io}},
}

@article{Aaltonen:2010yv,
      author         = "Aaltonen, T. and others",
      title          = "{Combination of Tevatron searches for the standard model
                        Higgs boson in the W+W- decay mode}",
      collaboration  = "CDF, D0",
      journal        = "Phys. Rev. Lett.",
      volume         = "104",
      year           = "2010",
      pages          = "061802",
      doi            = "10.1103/PhysRevLett.104.061802",
      eprint         = "1001.4162",
      archivePrefix  = "arXiv",
      primaryClass   = "hep-ex",
      reportNumber   = "FERMILAB-PUB-10-017-E",
      SLACcitation   = "%%CITATION = ARXIV:1001.4162;%%"
}
@misc{kingma2014adam,
    title={Adam: A Method for Stochastic Optimization},
    author={Diederik P. Kingma and Jimmy Ba},
    year={2014},
    eprint={1412.6980},
    archivePrefix={arXiv},
    primaryClass={cs.LG}
}
@article{Nachman:2012zf,
      author         = "Nachman, Benjamin and Rudelius, Tom",
      title          = "{Evidence for conservatism in LHC SUSY searches}",
      journal        = "Eur. Phys. J. Plus",
      volume         = "127",
      year           = "2012",
      pages          = "157",
      doi            = "10.1140/epjp/i2012-12157-0",
      eprint         = "1209.3522",
      archivePrefix  = "arXiv",
      primaryClass   = "stat.AP",
      SLACcitation   = "%%CITATION = ARXIV:1209.3522;%%"
}

@article{Aad:2019hjw,
      author         = "Aad, Georges and others",
      title          = "{Search for new resonances in mass distributions of jet
                        pairs using 139 fb$^{-1}$ of $pp$ collisions at
                        $\sqrt{s}=13$ TeV with the ATLAS detector}",
      collaboration  = "ATLAS",
      journal        = "JHEP",
      volume         = "03",
      year           = "2020",
      pages          = "145",
      doi            = "10.1007/JHEP03(2020)145",
      eprint         = "1910.08447",
      archivePrefix  = "arXiv",
      primaryClass   = "hep-ex",
      reportNumber   = "CERN-EP-2019-162",
      SLACcitation   = "%%CITATION = ARXIV:1910.08447;%%"
}
@article{Aaboud:2019zxd,
    author         = "{ATLAS Collaboration}",
      title          = "{Search for low-mass resonances decaying into two jets
                        and produced in association with a photon using $pp$
                        collisions at $\sqrt{s} = 13$ TeV with the ATLAS
                        detector}",
      journal        = "Phys. Lett.",
      volume         = "B795",
      year           = "2019",
      pages          = "56-75",
      doi            = "10.1016/j.physletb.2019.03.067",
      eprint         = "1901.10917",
      archivePrefix  = "arXiv",
      primaryClass   = "hep-ex",
      reportNumber   = "CERN-EP-2018-347",
      SLACcitation   = "%%CITATION = ARXIV:1901.10917;%%"
}
@article{Sirunyan:2019vxa,
      author         = "Sirunyan, Albert M and others",
      title          = "{Search for low mass vector resonances decaying into
                        quark-antiquark pairs in proton-proton collisions at
                        $\sqrt{s}=$ 13 TeV}",
      collaboration  = "CMS",
      journal        = "Phys. Rev.",
      volume         = "D100",
      year           = "2019",
      number         = "11",
      pages          = "112007",
      doi            = "10.1103/PhysRevD.100.112007",
      eprint         = "1909.04114",
      archivePrefix  = "arXiv",
      primaryClass   = "hep-ex",
      reportNumber   = "CMS-EXO-18-012, CERN-EP-2019-176",
      SLACcitation   = "%%CITATION = ARXIV:1909.04114;%%"
}
@article{Sirunyan:2017nvi,
      author         = "Sirunyan, Albert M and others",
      title          = "{Search for low mass vector resonances decaying into
                        quark-antiquark pairs in proton-proton collisions at $
                        \sqrt{s}=13 $ TeV}",
      collaboration  = "CMS",
      journal        = "JHEP",
      volume         = "01",
      year           = "2018",
      pages          = "097",
      doi            = "10.1007/JHEP01(2018)097",
      eprint         = "1710.00159",
      archivePrefix  = "arXiv",
      primaryClass   = "hep-ex",
      reportNumber   = "CMS-EXO-17-001, CERN-EP-2017-235",
      SLACcitation   = "%%CITATION = ARXIV:1710.00159;%%"
}
@article{Sirunyan:2018ikr,
    author         = "{CMS Collaboration}",
      title          = "{Search for low-mass resonances decaying into bottom
                        quark-antiquark pairs in proton-proton collisions at
                        $\sqrt{s} =$ 13 TeV}",
      journal        = "Phys. Rev.",
      volume         = "D99",
      year           = "2019",
      number         = "1",
      pages          = "012005",
      doi            = "10.1103/PhysRevD.99.012005",
      eprint         = "1810.11822",
      archivePrefix  = "arXiv",
      primaryClass   = "hep-ex",
      reportNumber   = "CMS-EXO-17-024, CERN-EP-2018-251",
      SLACcitation   = "%%CITATION = ARXIV:1810.11822;%%"
}
@article{Aaboud:2016hhf,
      author         = "Aaboud, Morad and others",
      title          = "{Luminosity determination in pp collisions at $\sqrt{s}$
                        = 8 TeV using the ATLAS detector at the LHC}",
      collaboration  = "ATLAS",
      journal        = "Eur. Phys. J.",
      volume         = "C76",
      year           = "2016",
      number         = "12",
      pages          = "653",
      doi            = "10.1140/epjc/s10052-016-4466-1",
      eprint         = "1608.03953",
      archivePrefix  = "arXiv",
      primaryClass   = "hep-ex",
      reportNumber   = "CERN-EP-2016-117",
      SLACcitation   = "%%CITATION = ARXIV:1608.03953;%%"
}
@article{Pappadopulo:2014qza,
      author         = "Pappadopulo, Duccio and Thamm, Andrea and Torre, Riccardo
                        and Wulzer, Andrea",
      title          = "{Heavy Vector Triplets: Bridging Theory and Data}",
      journal        = "JHEP",
      volume         = "09",
      year           = "2014",
      pages          = "060",
      doi            = "10.1007/JHEP09(2014)060",
      eprint         = "1402.4431",
      archivePrefix  = "arXiv",
      primaryClass   = "hep-ph",
      SLACcitation   = "%%CITATION = ARXIV:1402.4431;%%"
}
@phdthesis{Nachman:2016qyc,
      author         = "Nachman, Benjamin",
      title          = "{Investigating the Quantum Properties of Jets and the
                        Search for a Supersymmetric Top Quark Partner with the
                        ATLAS Detector}",
      school         = "Stanford U., Phys. Dept.",
      year           = "2016",
      url            = "https://searchworks.stanford.edu/view/11849292",
      eprint         = "1609.03242",
      archivePrefix  = "arXiv",
      primaryClass   = "hep-ex",
      reportNumber   = "CERN-THESIS-2016-083",
      SLACcitation   = "%%CITATION = ARXIV:1609.03242;%%"
}
@phdthesis{Swiatlowski:2040684,
      author        = "Swiatlowski, Maximilian J",
      title         = "{Measuring the Standard Model and Searching for New
                       Physics Using the ATLAS Detector}",
      school        = "Stanford U., Phys. Dept.",
      year          = "2015",
      url           = "https://cds.cern.ch/record/2040684",
      reportNumber  = "CERN-THESIS-2015-108"
}

@article{Lechner:2674116,
      author        = "Lechner, Anton",
      title         = "{Particle interactions with matter}",
      journal       = "CERN Yellow Rep. School Proc.",
      volume        = "5",
      pages         = "47. 22 p",
      year          = "2018",
      url           = "http://cds.cern.ch/record/2674116",
      doi           = "10.23730/CYRSP-2018-005.47",
}
@Misc{TASI_day3_school,
     author       = "Eva Halkiadakis",
     title        = "Particle Interactions with Matter (Part II) and Particle ID",
     howpublished = "\url{http://www.physics.rutgers.edu/~evahal/talks/tasi09/TASI_day3_school.pdf}",
     month        = "Aug",
     year         = "2009"
}
@Misc{powhegintro,
     author       = "Gionata Luisoni",
     title        = "An introduction to POWHEG",
     howpublished = "\url{https://indico.cern.ch/event/656211/contributions/2673382/attachments/1498653/2333153/luisoni_powheg.pdf}",
     month        = "Mar",
     year         = "2017"
}

@techreport{Buckley:2014150,
      author        = "Buckley, Andrew and Eifert, Till and Elsing, Markus and
                       Gillberg, Dag Ingemar and Koeneke, Karsten and
                       Krasznahorkay, Attila and Moyse, Edward and Nowak, Marcin
                       and Snyder, Scott and van Gemmeren, Peter",
      title         = "{Implementation of the ATLAS Run 2 event data model}",
      institution   = "CERN",
      collaboration = "ATLAS",
      address       = "Geneva",
      number        = "ATL-SOFT-PROC-2015-003. 7",
      month         = "May",
      year          = "2015",
      reportNumber  = "ATL-SOFT-PROC-2015-003",
      url           = "https://cds.cern.ch/record/2014150",
      doi           = "10.1088/1742-6596/664/7/072045",
}
@Book{si-brochure,
  title =        {Le Syst\`eme international d'unit\'es / The
                  International System of Units (`The {SI} Brochure')},
  publisher =    {Bureau international des poids et mesures},
  author =       {{BIPM}},
  howpublished = {Online},
  url =          {http://www.bipm.org/en/si/si_brochure/},
  edition =      {9th},
  isbn =         {978-92-822-2272-0},
  year =         2019
}
@misc{StirlingXS,
        title        = "PARTON LUMINOSITY AND CROSS SECTION PLOTS",
        howpublished = "\url{http://www.hep.ph.ic.ac.uk/~wstirlin/plots/plots.html}",
        year         = "2012",
}
@misc{hoecker2007tmva,
    title={TMVA - Toolkit for Multivariate Data Analysis},
    author={A. Hoecker and P. Speckmayer and J. Stelzer and J. Therhaag and E. von Toerne and H. Voss and M. Backes and T. Carli and O. Cohen and A. Christov and D. Dannheim and K. Danielowski and S. Henrot-Versille and M. Jachowski and K. Kraszewski and A. Krasznahorkay Jr. and M. Kruk and Y. Mahalalel and R. Ospanov and X. Prudent and A. Robert and D. Schouten and F. Tegenfeldt and A. Voigt and K. Voss and M. Wolter and A. Zemla},
    year={2007},
    eprint={physics/0703039},
    archivePrefix={arXiv},
    primaryClass={physics.data-an}
}
@article{ILLINGWORTH198887,
  title = "A survey of the hough transform",
  journal = "Computer Vision, Graphics, and Image Processing",
  volume = "44",
  number = "1",
  pages = "87 - 116",
  year = "1988",
  issn = "0734-189X",
  doi = "https://doi.org/10.1016/S0734-189X(88)80033-1",
  url = "http://www.sciencedirect.com/science/article/pii/S0734189X88800331",
  author = "J. Illingworth and J. Kittler",
}

@article{bonferroni1936teoria,
  title={Teoria statistica delle classi e calcolo delle probabilit{\`a}.},
  author={Bonferroni, Carlo E},
  year={1936}
}
@article{dunn1959,
  author = "Dunn, Olive Jean",
  doi = "10.1214/aoms/1177706374",
  fjournal = "Annals of Mathematical Statistics",
  journal = "Ann. Math. Statist.",
  month = "03",
  number = "1",
  pages = "192--197",
  publisher = "The Institute of Mathematical Statistics",
  title = "Estimation of the Medians for Dependent Variables",
  url = "https://doi.org/10.1214/aoms/1177706374",
  volume = "30",
  year = "1959"
}
@article{dunn1961,
  author = {Dunn, Olive Jean},
  title = {Multiple Comparisons among Means},
  journal = {Journal of the American Statistical Association},
  volume = {56},
  number = {293},
  pages = {52-64},
  year  = {1961},
  publisher = {Taylor & Francis},
  doi = {10.1080/01621459.1961.10482090},
  URL = {https://www.tandfonline.com/doi/abs/10.1080/01621459.1961.10482090},
  eprint = {https://www.tandfonline.com/doi/pdf/10.1080/01621459.1961.10482090}
}
@book{miller_1966,
  place={New York},
  title={Simultaneous statistical inference},
  publisher={McGraw-Hill},
  author={Miller, Rupert G.},
  year={1966}
}
@book{mittelhammer_judge_miller_2000,
  place={New York},
  title={Econometric foundations},
  publisher={Cambridge University Press},
  author={Mittelhammer, Ron and Judge, George G. and Miller, Douglas},
  year={2000}
}
@article{Gross:2010qma,
    author = "Gross, Eilam and Vitells, Ofer",
    title = "{Trial factors for the look elsewhere effect in high energy physics}",
    eprint = "1005.1891",
    archivePrefix = "arXiv",
    primaryClass = "physics.data-an",
    doi = "10.1140/epjc/s10052-010-1470-8",
    journal = "Eur. Phys. J. C",
    volume = "70",
    pages = "525--530",
    year = "2010"
}

@article{demortier2007p,
    title={P Values: What They Are and How to Use Them},
    author={Demortier, Luc},
    year={2007}
}
@article{Lyons:1900zz,
    author = "Lyons, Louis",
    title = "{Open statistical issues in Particle Physics}",
    doi = "10.1214/08-AOAS163",
    journal = "Ann. Appl. Stat.",
    volume = "2",
    pages = "887--915",
    year = "2008"
}
@article{Lyons:2018gtc,
    author = "Lyons, Louis and Wardle, Nicholas",
    title = "{Statistical issues in searches for new phenomena in High Energy Physics}",
    doi = "10.1088/1361-6471/aa9408",
    journal = "J. Phys. G",
    volume = "45",
    number = "3",
    pages = "033001",
    year = "2018"
}
@book{cowan_2004,
  place={Oxford},
  title={Statistical data analysis},
  publisher={Clarendon Press},
  author={Cowan, Glen},
  year={2004}
}
@book{barlow_2002,
  place={Chichester},
  title={Statistics a guide to the use of statistical methods in the physical sciences},
  publisher={Wiley},
  author={Barlow, Roger J.},
  year={2002}
}
@book{bohm2010introduction,
  title={Introduction to statistics and data analysis for physicists},
  author={Bohm, Gerhard and Zech, G{\"u}nter},
  volume={1},
  year={2010},
  publisher={Desy Hamburg}
}

@article{Lyons:2013yja,
    author = "Lyons, Louis",
    title = "{Discovering the Significance of 5 sigma}",
    eprint = "1310.1284",
    archivePrefix = "arXiv",
    primaryClass = "physics.data-an",
    month = "10",
    year = "2013"
}
@inproceedings{Sinervo:2002sa,
    author = "Sinervo, Pekka K.",
    title = "{Signal significance in particle physics}",
    booktitle = "{Conference on Advanced Statistical Techniques in Particle Physics}",
    eprint = "hep-ex/0208005",
    archivePrefix = "arXiv",
    reportNumber = "CDF-PUB-STATISTICS-PUBLIC-6031",
    pages = "64--76",
    month = "6",
    year = "2002"
}

@article{friedman2001greedy,
  title={Greedy function approximation: a gradient boosting machine},
  author={Friedman, Jerome H},
  journal={Annals of statistics},
  pages={1189--1232},
  year={2001},
  publisher={JSTOR}
}
@article{friedman2002stochastic,
  title={Stochastic gradient boosting},
  author={Friedman, Jerome H},
  journal={Computational statistics \& data analysis},
  volume={38},
  number={4},
  pages={367--378},
  year={2002},
  publisher={Elsevier}
}
@article{friedman2000additive,
  title={Additive logistic regression: a statistical view of boosting (with discussion and a rejoinder by the authors)},
  author={Friedman, Jerome and Hastie, Trevor and Tibshirani, Robert and others},
  journal={The annals of statistics},
  volume={28},
  number={2},
  pages={337--407},
  year={2000},
  publisher={Institute of Mathematical Statistics}
}
@book{friedman2001elements,
  title={The elements of statistical learning},
  author={Friedman, Jerome and Hastie, Trevor and Tibshirani, Robert},
  volume={1},
  number={10},
  year={2001},
  publisher={Springer series in statistics New York}
}
@article{neyman1933ix,
  title={IX. On the problem of the most efficient tests of statistical hypotheses},
  author={Neyman, Jerzy and Pearson, Egon Sharpe},
  journal={Philosophical Transactions of the Royal Society of London. Series A, Containing Papers of a Mathematical or Physical Character},
  volume={231},
  number={694-706},
  pages={289--337},
  year={1933},
  publisher={The Royal Society London}
}
@book{egan1975signal,
    title={Signal detection theory and ROC-analysis},
    author={Egan, James P},
    year={1975},
    publisher={Academic press}
}

@article{fukushima1980neocognitron,
  title={Neocognitron: A self-organizing neural network model for a mechanism of pattern recognition unaffected by shift in position},
  author={Fukushima, Kunihiko},
  journal={Biological cybernetics},
  volume={36},
  number={4},
  pages={193--202},
  year={1980},
  publisher={Springer}
}
@article{lecun1998gradient,
  title={Gradient-based learning applied to document recognition},
  author={LeCun, Yann and Bottou, L{\'e}on and Bengio, Yoshua and Haffner, Patrick},
  journal={Proceedings of the IEEE},
  volume={86},
  number={11},
  pages={2278--2324},
  year={1998},
  publisher={Ieee}
}
@article{schmidhuber2015deep,
  title={Deep learning in neural networks: An overview},
  author={Schmidhuber, J{\"u}rgen},
  journal={Neural networks},
  volume={61},
  pages={85--117},
  year={2015},
  publisher={Elsevier}
}
